2984 4900
343 725 354 754 ⁷
457 746 1169 900 AEL11D0NAuu

544 1019 578 1072 V.
594 1019 625 1070 C.
642 1016 824 1070 ORATORIS
841 1017 948 1068 URBIS
964 1015 1090 1079 RObOE,

335 1197 592 1268 enarrare
615 1197 671 1265 IN
693 1144 1035 1264 Pnoamousu
1055 1139 1306 1264 reanum.

271 1415 369 1474 Hauc
391 1411 584 1483 eomoediam,
598 1411 787 1472 manifestum
807 1420 864 1483 est,
884 1410 963 1492 prins
982 1409 1020 1471 ab
1033 1409 1221 1491 Apollodoro
1232 1411 1290 1470 snb
1304 1409 1361 1471 alio

269 1510 397 1583 nomine,
410 1509 467 1569 hoc
483 1518 539 1583 est,
555 1507 816 1586 Ἐπιδικαὲόμενον,
834 1507 940 1568 Grsace
951 1507 1092 1587 scriptam
1104 1525 1183 1580 esse,
1202 1525 1295 1587 qnam
1310 1509 1364 1568 La·

268 1607 330 1667 tine
344 1626 363 1667 a
379 1606 516 1678 Terentio
535 1605 784 1668 Panurrroussr.
825 1603 1024 1674 Quamobrem
1043 1603 1126 1664 nulla
1142 1602 1291 1666 dubitatio
1307 1615 1362 1678 est,
1483 1604 1484 1671 ζ

267 1701 346 1764 hano
361 1702 453 1762 solam
469 1721 536 1762 esse
549 1701 599 1764 eui
611 1721 718 1764 nomen
732 1702 828 1763 Poeta
839 1700 1016 1763 mutaverit:
1037 1711 1069 1764 et
1080 1719 1178 1764 errare
1188 1721 1254 1773 eos.
1270 1703 1322 1782 qni
1331 1702 1362 1762 in
1483 1718 1484 1729 ¹

268 1801 326 1862 has
336 1799 542 1864 Phormionem
552 1802 715 1883 parasitum
724 1800 997 1881 putantaiormula
1006 1800 1077 1875 litis,
1094 1819 1186 1880 quarn
1194 1800 1363 1871 intenderit,

267 1899 466 1960 nominatum:
486 1919 555 1960 eum
568 1899 676 1962 Graeca
692 1897 797 1977 lingna
815 1896 906 1956 liaeus
923 1905 1061 1976 sparteus
1072 1906 1105 1958 et
1122 1905 1257 1958 stamen
1269 1899 1363 1958 nanti·

266 2013 333 2056 cum
343 1995 386 2054 sio
400 1993 534 2055 dicatur:
555 1997 672 2074 aeujus
686 1995 728 2054 rei
739 1994 786 2056 vel
805 1993 981 2076 capacitate,
994 1993 1042 2055 rel
1055 1991 1197 2067 utilitste,
1210 1995 1301 2055 etism
1324 1995 1359 2055 ab
1483 2064 1484 2075 χ

268 2088 450 2170 Apollodoro
460 2091 606 2172 parasitus
619 2089 804 2152 Phormionis
814 2091 933 2150 nomine
945 2098 1145 2170 nuncupatur.
1186 2089 1264 2150 lime
1276 2090 1364 2170 igitur

268 2185 382 2267 proprie
400 2187 608 2250 tota-motoria
621 2197 678 2260 est,
700 2196 731 2247 et
751 2186 783 2246 in
804 2185 959 2248 affectibus
972 2184 1136 2247 constituta
1147 2203 1236 2264 pssne
1248 2186 1363 2266 majori·
1483 2252 1484 2259 p

268 2283 337 2355 bus,
353 2301 442 2361 quam
455 2283 586 2344 comicus
599 2283 696 2364 stylus
716 2291 873 2363 posceret:
898 2281 956 2342 nisi
975 2279 1058 2361 qnod
1070 2289 1134 2342 arte
1148 2279 1254 2342 Polites
1266 2281 1363 2340 omnia

268 2377 422 2438 moderata
435 2392 515 2441 sunt.
556 2379 671 2440 Primae
688 2380 719 2440 in
733 2397 770 2441 sa
782 2387 892 2461 partes,
912 2388 948 2440 nt
959 2379 1023 2459 ipse
1037 2377 1134 2441 Poeta
1141 2377 1296 2459 professus
1306 2387 1363 2452 est,

268 2484 351 2537 tenet
363 2474 520 2547 Phormio;
542 2476 691 2539 secundas
701 2476 798 2546 Getar
819 2476 921 2539 tertias
935 2475 1101 2556 Demipbor
1122 2474 1251 2535 subinde
1264 2473 1364 2547 eamn,

267 2580 356 2653 prout
367 2572 511 2651 cujusque
524 2583 610 2635 actus
623 2572 764 2634 ostendit.
805 2573 952 2653 Prologus
967 2572 1152 2633 Phormionis
1162 2570 1249 2631 nimis
1262 2572 1365 2631 conci·

267 2678 415 2747 natusest,
437 2668 514 2729 adeo
533 2679 567 2729 ut
586 2670 651 2750 ipse
676 2680 768 2731 semet
781 2669 872 2732 veluti
892 2668 1091 2752 reprehendat
1110 2669 1149 2729 ob
1168 2666 1250 2727 hane
1268 2668 1365 2748 ipsam

266 2765 472 2848 pervicaciam,
495 2776 525 2827 et
538 2764 625 2826 simul
639 2775 845 2846 argumentum
858 2785 923 2825 sure
938 2764 1122 2847 purgationis
1135 2761 1271 2825 indurat.
1310 2762 1365 2823 At·

267 2882 326 2944 que
346 2864 378 2923 in
398 2881 435 2923 ea
454 2882 522 2922 cunr
536 2860 677 2934 Protssis,
694 2872 726 2922 et
741 2860 884 2943 Epitssis,
902 2874 934 2923 et
948 2860 1147 2941 Calestropbe
1159 2860 1261 2940 magui
1279 2858 1365 2919 moli·

267 2959 356 3019 minis
371 2968 402 3021 et
423 2957 534 3039 negotii
555 2958 632 3029 sint3
655 2959 697 3018 ita
711 2957 798 3018 variis
819 2957 970 3037 leporibus
992 2964 1202 3037 asperguntur,
1221 2964 1255 3017 nt
1273 2956 1364 3015 etiam
1483 2965 1484 2970 ’

268 3074 364 3116 rernm
385 3054 512 3114 tristium
535 3055 709 3133 gravitatem
728 3054 824 3115 Poeta
843 3054 961 3134 lepidus
975 3053 1092 3115 eomioa
1112 3052 1272 3113 serenitate
1282 3063 1367 3113 uan-

266 3150 379 3233 quillet.
414 3148 490 3209 Haec
504 3159 571 3210 acta
585 3160 632 3210 est
643 3151 734 3211 Ludis
749 3150 984 3231 Megalensibus,
994 3149 1085 3212 Lucio
1097 3148 1239 3211 Cornelio
1249 3148 1368 3210 Merula

267 3246 356 3307 Erilli
371 3245 485 3319 Curuli‚
499 3255 530 3307 et
540 3246 573 3307 L.
582 3246 890 3309 PostlrumioAlbinoz
912 3249 1069 3329 agentibrm
1083 3246 1116 3308 L.
1128 3246 1240 3307 Cassio
1252 3246 1369 3319 Attidio,
1483 3275 1484 3298 ι

267 3353 299 3405 et
311 3344 345 3405 L.
355 3342 507 3403 Ambivio:
529 3342 634 3405 modos
645 3342 772 3405 faciente
783 3344 892 3407 Flacco
905 3343 1024 3406 Claudii
1037 3344 1099 3405 lilio
1117 3342 1197 3403 tibiis
1217 3342 1367 3417 Semuis,

266 3453 388 3521 totaque
407 3440 544 3502 diverbiis
558 3440 754 3515 facetissimis,
769 3452 800 3501 et
813 3453 929 3522 gestum
943 3440 1187 3503 desiderantibus
1203 3440 1368 3513 sesamum,
1483 3479 1484 3516 p

266 3547 298 3599 et
308 3538 489 3599 suavissimis
502 3547 607 3598 ornata
628 3537 751 3598 canticis
770 3538 838 3598 fnit.
878 3537 1026 3617 Editaque
1041 3547 1088 3598 est
1099 3548 1207 3616 quarto
1220 3534 1301 3611 loon,
1322 3536 1368 3599 Μ.
1483 3553 1484 3562 ’

266 3632 396 3707 Valerio,
414 3643 446 3693 et
458 3635 495 3694 C.
508 3634 621 3695 Fannio
637 3634 725 3695 Coss.
766 3634 900 3695 Persona
911 3634 1000 3697 etiam
1011 3634 1043 3695 in
1058 3633 1147 3713 hujus
1165 3632 1288 3695 Protesi
1306 3654 1368 3701 non

266 3748 326 3789 una
346 3738 402 3801 est,
423 3727 477 3788 sed
495 3727 582 3789 duee:
607 3749 730 3809 quarum
752 3729 847 3791 altera
858 3739 942 3791 extra
961 3739 1167 3811 argumentum
1189 3730 1292 3809 posita
1311 3744 1371 3803 est,

266 3826 315 3885 eui
328 3836 462 3886 narratur
477 3824 608 3886 Pabula:
630 3826 723 3886 altera
743 3826 774 3885 in
793 3836 977 3905 argumento,
997 3846 1066 3907 qnss
1087 3834 1189 3885 narrat
1210 3825 1369 3887 Fabulam.

266 3920 481 3998 Argumentum
495 3939 613 4001 quoqne
630 3941 691 3982 non
702 3920 843 4002 simplicia
857 3922 967 4003 negotii
984 3922 1092 3983 habet:
1111 3942 1169 3983 nee
1181 3922 1273 3983 nnins
1294 3923 1370 3984 ndo-

267 4012 417 4091 lesoentis,
432 4027 465 4077 ut
483 4016 512 4075 in
533 4016 695 4079 Hacras:
717 4017 770 4079 sed
784 4018 920 4091 duorum,
941 4018 1094 4079 ntoeteris
1113 4016 1248 4079 Fabulis.
1283 4020 1371 4079 Scire

268 4118 368 4169 autem
386 4112 533 4183 convenit,
555 4132 614 4172 uno
634 4112 683 4173 die
700 4112 823 4192 transigi
836 4112 1094 4175 Paonrrrouau:
1115 4132 1187 4185 non,
1201 4124 1238 4173 nt
1251 4112 1371 4175 lisso·

269 4220 597 4282 nosrrsoanrsssos,
607 4207 734 4270 duobus.
776 4207 920 4291 Prologus
930 4219 1063 4290 correpte
1073 4209 1131 4273 dri
1144 4223 1195 4271 τοῦ
1210 4217 1370 4291 προλέγω

1483 4047 1485 4086 l
