2984 4900
421 383 591 438 nunnoni
616 384 699 441 scr.
725 384 760 436 v.
782 384 836 434 ec.
860 386 941 436 vru.
1158 375 1225 444 525

338 683 343 690 .
399 622 554 690 Actus
578 625 621 690 V.
663 625 825 692 SCENA
846 627 952 694 VIll.

488 799 654 848 GNA'I'HO.
698 799 862 848 hulseto,

132 895 200 962 Gn.
221 895 326 976 Qum
342 901 455 964 uuucl
489 921 556 984 qua
582 922 652 985 spe,
677 909 738 968 eut
757 923 826 987 quo
847 904 1000 984 consilio,
1022 906 1088 972 huc
1108 906 1221 974 imusl

255 996 337 1080 quid
352 1000 516 1082 inceptas,
530 1002 686 1068 Thraso?

129 1099 196 1164 Tu.
217 1099 359 1182 Egonol
381 1108 417 1167 ut
431 1101 554 1168 Thaidi
569 1124 623 1169 me
636 1105 768 1184 dedam,
790 1107 966 1173 etfaciam
989 1111 1083 1193 quod
1093 1111 1223 1196 jubeat.

256 1201 329 1268 Gn.
351 1204 443 1284 Quid
460 1209 534 1272 esti
1216 1287 1219 1295 ,

126 1301 195 1370 Tu.
218 1301 290 1382 Qui
305 1305 429 1384 minus,
445 1327 545 1390 quam
562 1308 730 1374 Hercules
745 1312 884 1376 servivit
899 1313 1105 1397 Omphalael
1150 1315 1221 1382 Gn.

254 1405 457 1491 Exemplum
469 1409 591 1490 placet.

157 1623 213 1674 Gn.
235 1626 401 1676 Carmina
418 1629 472 1690 ber,
489 1644 552 1678 amre
568 1630 846 1680 catsl'buistibiirair
863 1629 1146 1695 satiqaaeibispeaost,
1162 1633 1224 1695 qaod

126 1689 452 1742 aethnamusmr
477 1693 931 1759 momenmentum?
963 1696 1224 1746 Tu.Utlhnidiare

126 1753 588 1870 ddqristu3etsuimnlpucsrsqus
598 1761 730 1821 impendit.
762 1761 815 1810 Gn.
828 1757 954 1816 &iderti
986 1761 1040 1809 ΤΗ.
1058 1761 1225 1816 Qwssaiasm

126 1819 412 1883 mnndum
452 1821 803 1889 mominitoqtbolsl
836 1825 1224 1889 Grfflaeeaptmdttgmtm

588 1983 764 2004 ‘mu

158 2097 242 2147 lhls.
256 2097 635 2164 Lipmquospsbasimrtsiuut
662 2097 814 2150 moossitio?
830 2101 882 2150 Ma.
893 2101 964 2163 Lips.
975 2105 1003 2149 et
1013 2099 1049 2149 (l.
1096 2099 1102 2112 ‘
1127 2096 1224 2162 ceptae?

127 2161 206 2212 liert.
241 2161 390 2228 Qddnunc]
410 2165 469 2215 l’ar.
482 2165 609 2225 hlefocis.
645 2115 720 2216 huod
738 2165 865 2226 glossema
874 2179 967 2213 censeo
978 2178 1044 2213 esse.
1086 2165 1129 2213 erl.
1162 2163 1223 2226 Cep·

127 2226 375 2291 las‚i.e.coeptnaB,
388 2228 419 2290 C,
431 2227 537 2278 Hebae
556 2229 590 2277 de
607 2243 655 2277 ano
673 2227 777 2277 dedisse
796 2227 822 2276 id
842 2229 987 2277 Rentleium
1025 2228 1062 2276 uis
1081 2227 1222 2278 existimet.

126 2289 281 2354 Vulg.male
296 2292 408 2356 inceptus.
426 2294 504 2342 Both.
529 2295 551 2342 C
587 2297 663 2341 toret
683 2292 816 2342 lin—28
838 2293 903 2348 Quid
919 2297 971 2340 sot?
1043 2292 1117 2347 .Qai
1138 2293 1225 2354 missa,

154 2369 191 2403 aar
204 2355 323 2406 Hercules
332 2358 429 2406 umioit
444 2357 566 2420 Omphale
595 2355 691 2407 Omnia
701 2357 758 2406 hee
774 2356 807 2405 G.
821 2356 850 2405 F.
863 2357 941 2405 vellet
958 2355 1059 2405 dictas
1076 2355 1225 2404 Gnathone.

164 2433 265 2482 osero,
285 2421 308 2469 si
319 2435 367 2485 per
378 2420 461 2473 codd.
474 2423 574 2485 liceret,
591 2421 676 2472 omnia
696 2433 744 2471 neo
761 2421 887 2471 Thrasoni
907 2419 1081 2484 ascnpserim,
1091 2433 1140 2469 nec
1150 2419 1223 2470 Gna·

127 2483 213 2545 thooi3
234 2484 281 2533 aed
293 2493 392 2550 putem,
402 2485 517 2536 ordinem
530 2500 697 2551 personarum
718 2500 775 2535 ease
787 2485 917 2536 turbatum
927 2502 939 2547 ,-
951 2486 1168 2549 Thrasonemqoe‚
1179 2484 1224 2534 ubl

126 2548 242 2609 dixisset,
251 2550 259 2576 ‘
267 2559 298 2598 ut
306 2550 354 2599 tu.
366 2564 407 2599 me
419 2550 445 2599 d.
455 2550 540 2615 ettq.
548 2551 580 2615 j!
591 2551 721 2599 videntem
730 2550 878 2599 Gnathonis
888 2550 1038 2601 edurirautis
1047 2549 1156 2611 ruitum,
1164 2564 1224 2597 mox

125 2612 299 2677 subjunxisse,
311 2616 319 2642 ‘
329 2614 397 2665 uoto
406 2614 471 2665 esti’
486 2629 598 2680 moxque
611 2614 784 2674 Gnathonem,
796 2629 828 2663 ne
840 2628 891 2663 uon
900 2614 1050 2663 adoleretur
1061 2614 1086 2662 in
1097 2627 1125 2663 re
1137 2627 1224 2676 qnam·

126 2672 188 2727 libet'
197 2679 282 2743 turpi,
293 2678 408 2728 dixisse:
434 2680 644 2744 ‘Qoiminuerp
663 2678 731 2729 ihs.
749 2678 910 2742 ompuuaet’
935 2678 1039 2728 demum
1057 2679 1223 2741 Thrasonem,

125 2742 299 2806 ‘Exemplum
312 2740 418 2806 placet!
442 2742 484 2792 Ad
497 2758 555 2807 quie
573 2744 677 2793 Gnatho
694 2756 834 2792 conversus
853 2742 886 2791 ad
905 2752 1078 2806 spectatores,
1096 2742 1223 2791 ‘Utinam

127 2806 169 2855 tihi
180 2822 203 2856 c.
214 2821 239 2856 r.
247 2822 272 2855 a.
283 2816 361 2869 caput
373 2808 388 2858 !¹
405 2806 471 2857 Qum
483 2816 635 2871 sequnntur,
654 2807 751 2869 optime
764 2806 915 2857 tribuuntur
925 2807 1057 2856 Thrasoni
1090 2805 1153 2865 Alii,
1174 2805 1223 2860 Qai

125 2870 274 2923 mim.
291 2872 375 2921 West.
409 2872 532 2935 Quidsst]
547 2872 646 2929 Malim,
656 2871 783 2928 Quiduiat
799 2872 866 2921 Nam
877 2878 916 2920 eat
926 2870 1084 2921 admirantis.
1116 2871 1224 2918 diamo-

126 2936 323 2998 nosyllabon,nt
335 2937 437 2999 pusinr.
448 2937 522 2985 Beni.
539 2936 660 2985 Bent.sst
673 2950 719 2999 pro
731 2950 777 2984 sua
788 2936 894 2984 licentia
901 2935 985 2984 emisit
992 2949 1022 2984 ac
1033 2934 1167 2983 substituit
1177 2935 1223 2995 oia,

126 3004 154 3047 ut
164 2999 379 3063 monosyllabum.
407 3000 457 3049 Sed
471 3000 536 3056 Quid
545 3006 581 3049 est
590 3000 775 3049 'l'hrasouienm
787 2999 861 3048 nobis
873 2998 983 3048 ridetur.
1013 3000 1166 3063 Quanquam
1175 3011 1224 3061 ego

127 3062 151 3111 in
162 3062 249 3113 (laeli.
275 3068 297 3113 l.
315 3064 402 3114 inveni
419 3065 484 3120 Quid
499 3064 575 3113 dieis?
599 3064 676 3115 Quod
696 3062 773 3126 Angli
793 3078 855 3112 sane
873 3064 1015 3126 attingeret
1037 3064 1223 3126 conjecturam.

128 3128 278 3183 Omnian.-
295 3129 355 3177 Par.
367 3142 392 3191 p.
408 3144 460 3177 aar.
472 3129 537 3184 Quid
547 3144 579 3179 m.
611 3130 704 3177 Totum
715 3128 813 3176 mavult
831 3128 1152 3177 damnanatione.
1185 3126 1224 3175 At

126 3206 171 3255 ego
179 3193 307 3242 thrasoni
320 3192 416 3247 tribuo.
428 3192 524 3257 quippe
536 3193 590 3257 qni,
601 3193 638 3242 nti
657 3206 735 3255 sopra
754 3192 776 3238 l’
796 3192 864 3248 erbo,
875 3192 918 3240 hie
930 3192 1037 3241 llerculi
1055 3193 1110 3255 ipse
1121 3205 1150 3240 ae
1161 3202 1223 3240 con·

127 3254 184 3307 lert.
201 3258 271 3307 Peri.
304 3256 422 3318 Vulprb
434 3258 499 3312 Quid
509 3261 560 3307 salt
575 3256 647 3321 qussi
655 3256 760 3305 miranti
798 3256 903 3305 nothoni
916 3256 1040 3306 tribuunt.
1063 3255 1116 3304 Sed
1128 3256 1224 3305 rectius

128 3322 320 3385 sieqnaeaisset,
343 3322 407 3377 Quid
424 3318 482 3371 oia?
505 3320 573 3385 quod
593 3322 671 3370 Bent.
691 3335 737 3384 pro
759 3318 842 3370 lubitu
860 3320 1003 3384 rescripsit.
1036 3320 1141 3369 Rectius
1162 3334 1223 3369 vero

127 3384 297 3435 westerhoail
317 3386 471 3435 sententiam
492 3386 683 3449 amplectimur,
702 3398 753 3448 qna
773 3385 804 3446 is,
822 3397 935 3447 perrona
951 3384 1097 3434 Gnathonis
1120 3384 1222 3443 omissa,

126 3448 245 3499 'lbrasoni
257 3458 286 3500 et
298 3452 355 3499 lure
372 3464 430 3498 cnm
442 3463 485 3514 aeq
507 3485 514 3499 .
526 3449 628 3499 tribuit.
658 3448 785 3499 Miramur
803 3448 837 3498 0.
851 3448 879 3497 F.
890 3450 947 3498 brec
957 3448 1043 3497 omnia
1052 3448 1117 3503 Quid
1127 3454 1163 3497 sat
1175 3481 1183 3496 .
1197 3479 1204 3494 .
1216 3478 1223 3492 .

129 3515 246 3577 Oaplrlae
256 3514 333 3563 diota
343 3513 454 3564 voluisse
464 3528 481 3562 a
489 3466 640 3576 huathone,
657 3512 785 3578 quomodo
801 3521 830 3563 et
846 3511 890 3563 ed.
911 3526 1003 3562 recusa
1015 3515 1088 3561 158⁰.
1100 3510 1134 3559 ad
1146 3510 1223 3559 ratio·

128 3592 183 3628 nem
192 3578 356 3629 Melanohth.
369 3584 397 3627 et
411 3578 511 3628 Erasmi
521 3576 606 3628 babet.
639 3578 675 3628 Et
686 3577 773 3641 iidem:
782 3577 897 3626 tribuunt
908 3577 988 3626 rerba
1005 3576 1013 3604 ‘
1026 3576 1075 3625 Ea.
1087 3575 1129 3638 pl!
1146 3575 1227 3624 'l'hra-

126 3644 195 3704 soni;
211 3644 280 3707 qood
292 3644 419 3705 ineptum.
450 3644 516 3692 Sunt
533 3642 758 3693 rerba‘adnlaotis
777 3642 803 3690 in
822 3655 850 3691 os
869 3641 960 3700 atnlti3
986 3639 1113 3688 sedidem
1125 3636 1223 3689 Gmad

127 3716 287 3771 spectatores
298 3721 439 3757 conversus
449 3715 477 3757 et
489 3708 656 3757 summissiori
676 3720 740 3756 rone
759 3706 906 3769 exemplum
918 3704 951 3754 ad
972 3703 1113 3753 irrisionem
1129 3702 1223 3751 Militia

128 3771 488 3835 esequitor‚‘Utinam‚'&o.
504 3772 564 3836 Rip.
599 3772 648 3828 Qut
663 3771 741 3820 minua
760 3768 994 3833 baieDelph.Bip.
1026 3768 1119 3816 Dedora
1135 3767 1225 3817 'l'ltoidi

128 3851 162 3887 ns
172 3836 249 3887 Both.
263 3836 384 3901 Omphale
394 3836 460 3901 Eug.
472 3836 556 3889 Notat
567 3836 640 3887 Perl.
650 3836 709 3901 qaid
719 3836 905 3901 propendente
918 3835 944 3883 io
957 3830 1048 3883 Guell.
1058 3836 1083 3883 d.
1094 3831 1144 3881 uisi
1163 3831 1227 3883 velit

619 3980 729 4033 NOTAE

155 4092 170 4137 t
188 4091 266 4145 Quarta
277 4088 398 4137 Hsroslea
410 4087 507 4137 mnioit
518 4085 653 4152 Omphala]
693 4084 732 4134 uis
744 4084 875 4145 erarium,
883 4083 1042 4147 clavamque,
1053 4089 1082 4131 et
1091 4095 1162 4131 arma
1173 4078 1225 4144 ipsi

127 4160 263 4227 Omphales
274 4161 369 4225 Lydie
380 4162 484 4227 Regina
496 4178 582 4213 amore
593 4177 654 4227 cap·
694 4159 821 4225 gestanda
835 4158 1007 4209 concederet:
1026 4158 1082 4221 ipse
1097 4171 1157 4206 vero
1169 4170 1224 4205 mu·

128 4244 165 4285 tar
183 4238 317 4309 lleroultv
334 4250 367 4285 ee
383 4250 411 4285 se
426 4237 539 4303 demisit,
551 4245 581 4289 ut
604 4238 655 4288 leo·
694 4236 768 4289 liebri
779 4234 946 4286 habitoiotsr
957 4234 1164 4299 virginsaoeret.
