2984 4900
475 692 705 789 mnu
781 692 1184 813 nonnul,

561 900 595 950 v,
610 899 641 949 c.
658 897 840 950 onsronrs
857 897 963 948 unsis
979 896 1105 960 nosse,

392 1045 650 1112 PRAEFATIO
673 1045 729 1112 IN
751 1041 1007 1111 ADELPHOS
1028 1035 1278 1110 TERENTII.

331 1237 408 1297 llnc
423 1235 535 1312 Fsbule
548 1235 679 1314 pallium,
703 1243 737 1292 ut
752 1235 847 1314 ipsum
858 1231 971 1293 indicet
985 1251 1103 1304 nomen,
1120 1233 1176 1292 ει·
1192 1231 1302 1312 plurali
1323 1251 1375 1290 nu·

290 1353 379 1406 mero,
400 1352 466 1393 cum
491 1331 530 1391 sit
542 1351 620 1391 une:
641 1340 671 1392 et
684 1330 848 1390 masculino
863 1347 978 1409 genere,
992 1347 1060 1390 cum
1072 1329 1109 1388 sit
1124 1327 1298 1388 Comoediu:
1319 1333 1374 1390 er’

290 1431 399 1491 Grrece
413 1429 537 1508 Linguis,
558 1445 626 1488 cum
640 1428 679 1488 sit
700 1428 815 1501 Latine
836 1435 984 1488 censetur.
1024 1423 1201 1485 Potnitenm
1220 1423 1373 1486 Terentius

291 1527 444 1586 anrsrs
465 1525 581 1585 dicere:
604 1522 657 1582 sed
678 1532 710 1584 et
733 1523 832 1583 Greci
857 1522 984 1583 nominis
1007 1524 1146 1602 closum
1168 1519 1327 1602 perderet:
1348 1531 1375 1580 et

288 1634 433 1704 prmteree
445 1630 548 1700 togstu
559 1619 723 1688 rideretur:
744 1619 784 1679 ed
806 1638 959 1692 summam,
979 1635 1038 1678 non
1053 1618 1152 1677 stetim
1166 1616 1376 1696 intelligeretur

289 1717 445 1779 Menandri
459 1735 545 1776 esse:
566 1714 649 1795 quod
671 1716 825 1775 Terentius
845 1715 875 1774 in
897 1715 999 1795 primis
1016 1715 1156 1775 lectorem
1177 1716 1252 1774 scire
1276 1715 1374 1794 cupit:

289 1817 386 1875 minus
408 1813 589 1874 existumans
608 1810 716 1883 leudis,
737 1810 870 1891 proprias
890 1809 1026 1883 scribere,
1040 1827 1129 1889 quam
1144 1809 1266 1874 Grecos
1281 1821 1376 1870 treus

291 1913 374 1973 ferre.
410 1909 466 1969 Est
489 1907 578 1986 igitur
597 1905 774 1967 Menandri:
795 1916 826 1966 et
848 1925 868 1966 e
891 1907 1024 1967 Fratrum
1046 1907 1138 1980 lucto,
1156 1907 1263 1986 quibus
1289 1925 1375 1986 argu·

289 2017 420 2068 mentum
443 2004 556 2076 nititur,
575 2021 684 2063 nomen
705 2001 822 2083 recipit.
865 2001 962 2081 liujus
973 2009 1037 2063 tots
1049 2003 1129 2063 ectio
1141 2021 1209 2063 cum
1228 2001 1268 2061 sit
1285 2003 1376 2062 miste

290 2123 328 2164 ex
347 2112 472 2180 utroque
485 2117 602 2179 genere,
614 2107 649 2158 ut
660 2098 720 2159 lere
733 2095 919 2158 Terentiense
941 2115 1055 2171 omnes,
1068 2107 1176 2176 prester
1195 2097 1376 2158 lienosos·

292 2205 668 2269 rrrronurrsnon,temen
689 2191 793 2272 mejeri
806 2211 843 2251 ex
867 2201 949 2270 perte
972 2191 1100 2252 Motorie
1121 2201 1187 2253 est:
1214 2211 1285 2253 nsm
1310 2195 1376 2259 Sta·

290 2295 381 2356 turios
403 2294 486 2356 locos
506 2308 668 2372 perpaucos
686 2289 786 2350 habet.
828 2287 954 2350 Prodest
968 2299 1066 2350 nutem
1079 2297 1111 2350 et
1123 2288 1252 2350 delectet
1265 2301 1335 2350 ectu
1349 2301 1378 2350 et

291 2391 380 2472 stylo.
421 2389 456 2447 ln
466 2387 534 2462 hec,
547 2387 648 2467 primes
661 2393 761 2466 partes
776 2394 855 2459 sunt,
868 2394 902 2444 ut
915 2384 1034 2465 quidem
1048 2394 1164 2466 putent,
1179 2386 1321 2447 Demere:
1344 2397 1377 2446 nt

291 2485 422 2567 quidem,
447 2483 523 2564 Syri.
565 2482 652 2553 Quod
677 2482 702 2542 si
722 2493 779 2556 est,
800 2494 835 2543 ut
857 2484 965 2563 primes
980 2484 1071 2563 Syrus
1086 2483 1214 2553 hebeat:
1236 2484 1377 2547 secunde

291 2582 414 2641 Demens
426 2588 523 2652 erunt,
536 2579 631 2639 tertio)
645 2578 793 2652 Minionis,
802 2590 833 2639 et
843 2579 886 2639 sic
901 2579 1052 2661 deinceps.
1094 2582 1271 2659 Quanqnem
1287 2582 1376 2641 etiem

292 2687 362 2745 sunt
374 2672 566 2757 quiputent,⁸
586 2676 694 2755 primes
713 2676 835 2737 Micioni
859 2676 985 2750 dandas,
1007 2675 1152 2739 secundas
1175 2676 1261 2757 Syro,
1274 2678 1376 2738 terties

292 2774 422 2834 Demeoe.
463 2773 551 2846 Nem,
565 2770 645 2851 quod
660 2772 703 2835 eit
724 2772 889 2845 Terentius,
915 2772 1028 2832 ‘Senes
1051 2772 1102 2852 qui
1123 2772 1207 2853 primi
1228 2774 1350 2833 venient
1360 2773 1377 2832 :²

291 2888 353 2930 non
376 2868 415 2929 ed
438 2878 536 2948 partes
561 2888 635 2948 ques
649 2868 785 2943 dicimus,
800 2870 853 2931 sed
872 2868 911 2929 ad
926 2866 1057 2930 ordinem
1070 2871 1195 2948 pertinet
1207 2870 1378 2930 exeuntium

291 2985 491 3047 personarum.
533 2966 608 3027 llaec
622 2966 720 3038 edum,
734 2978 769 3026 nt
781 2974 879 3026 cetera
891 2964 1096 3045 hujuscemodi
1119 2965 1271 3040 Podmets,
1292 2968 1378 3045 quin·

291 3082 350 3142 que
374 3064 469 3122 Actus
483 3062 593 3121 habeut
605 3081 728 3122 necesse
741 3072 798 3136 est,
823 3062 920 3123 choris
943 3062 1055 3123 divisos
1075 3081 1103 3139 s,
1118 3062 1232 3123 Groecis
1257 3064 1376 3125 Poetis:

291 3177 368 3238 quos
381 3158 437 3219 etsi
451 3157 596 3217 retinendi
608 3177 700 3219 musa
709 3160 771 3239 jem
782 3158 948 3221 inconditos
957 3169 1136 3239 spectatores
1146 3160 1262 3219 minime
1272 3159 1377 3219 distin-

292 3253 391 3334 guu'nt‘
409 3251 504 3314 Latini
525 3253 648 3329 Comici,
662 3265 826 3316 metuentes
842 3256 965 3329 scilicet,
978 3274 1016 3316 ne
1030 3254 1282 3335 quis-lastidiosus
1294 3257 1376 3316 finito

290 3350 381 3421 Actu,
400 3347 481 3409 velut
502 3346 670 3410 admonitus
683 3350 823 3425 obeundi,
842 3350 962 3430 reliqum
974 3350 1135 3412 Comoedioe
1149 3352 1200 3412 fiet
1213 3364 1378 3413 contemtor

290 3453 453 3525 strengel:
474 3454 571 3504 temen
597 3465 615 3505 a
639 3445 735 3507 doctis
749 3446 895 3507 veteribus
910 3445 1027 3521 discreti
1041 3462 1130 3528 etque
1143 3442 1282 3530 disjuncti
1298 3462 1376 3525 sunt,

289 3552 325 3603 nt
347 3562 416 3602 mox
430 3541 593 3621 operiemus
606 3556 676 3622 post
687 3545 851 3623 argumenti
866 3530 1070 3607 narrationem.
1112 3547 1145 3606 ln
1159 3547 1215 3607 hac
1230 3546 1377 3629 Prologus

291 3636 443 3717 aliquanto
451 3636 544 3698 lenior
557 3638 705 3699 inducitur
717 3659 725 3698 :
746 3638 798 3719 qui
811 3640 906 3719 magis
920 3640 1008 3701 etism
1019 3642 1050 3701 in
1061 3662 1093 3704 se
1107 3644 1275 3722 purgando,
1289 3664 1377 3722 quem

289 3735 321 3795 in
343 3734 518 3796 adversariis
542 3734 686 3795 laedendis
707 3746 757 3795 est
779 3746 950 3817 occupatus.
991 3736 1123 3799 Protesi:
1138 3750 1185 3798 est
1197 3740 1377 3814 turbulente,

291 3830 421 3911 Epitasis
445 3830 586 3903 clamose,
607 3830 803 3911 Cetestrophe
822 3833 907 3893 lenis.
948 3832 1080 3901 Quarum
1093 3834 1219 3915 partium
1233 3836 1377 3897 tutionem

291 3925 463 4005 diligentius
486 3927 517 3986 in
539 3927 681 4006 principio
702 3928 918 4007 proposuimus,
942 3949 1009 3990 curn
1023 3928 1061 3989 de
1075 3930 1378 4013 Comoediaqusedem

293 4020 467 4085 diceremus.
506 4022 581 4085 llaec
596 4044 668 4085 sane
682 4037 751 4085 ecte
763 4036 809 4087 ert
823 4024 902 4087 ludis
913 4026 1038 4088 scenicis
1052 4028 1221 4089 funebribus
1236 4028 1271 4090 L.
1287 4030 1378 4091 AEmi·

324 4215 339 4262 l
358 4214 472 4267 Met
490 4217 523 4267 Et
535 4218 614 4269 ΖΑ
631 4220 720 4271 Pstm
737 4220 794 4272 eud.
812 4222 904 4274 ert-t
920 4222 984 4274 Cod.
1000 4212 1069 4275 Pili.
1084 4222 1181 4275 mutis
1195 4239 1239 4291 per
1255 4240 1288 4277 rc.
1307 4224 1380 4277 ner’rr
