2984 4900
323 868 553 1018 marl
628 866 1035 991 nonnul,

409 1132 443 1183 V.
458 1132 489 1183 C.
507 1128 689 1183 ossucula
705 1132 813 1184 unms
829 1132 955 1199 ROMAE,

245 1340 504 1411 PRAEFATIO
527 1342 582 1408 IN
605 1342 851 1411 HEGYRAM
873 1345 1120 1415 TERENTII.

137 1590 215 1653 Hac
241 1591 355 1652 Fabula
376 1590 549 1672 Apollodori
574 1611 641 1653 esse
669 1590 777 1654 dicitur
799 1593 926 1655 Groeca:
958 1614 1027 1655 nam
1051 1606 1081 1655 et
1108 1597 1173 1676 ipsa
1193 1605 1229 1655 et

136 1688 297 1748 Pacuuio
320 1689 357 1747 ab
372 1688 476 1748 eodem
491 1688 629 1748 dicuntur
642 1708 709 1749 esse
723 1690 893 1751 translata:
919 1711 986 1751 cum
1011 1693 1132 1772 reliqum
1154 1710 1228 1773 qua·

136 1792 202 1844 tuor
224 1784 283 1843 sint
303 1782 460 1843 Menandri
482 1784 604 1844 Comici.
647 1785 789 1847 Hacraa
809 1798 908 1847 autem
928 1788 1045 1861 dicitur,
1059 1789 1137 1863 ideo,
1158 1789 1229 1868 quia

136 1902 188 1963 per
203 1902 304 1943 socms
319 1896 349 1946 et
362 1903 479 1951 soceros
494 1884 524 1943 in
535 1903 571 1943 ea
582 1895 709 1963 aguntur
722 1885 826 1947 multa.
857 1887 934 1947 Nam
944 1899 975 1947 et
988 1888 1081 1965 ὲινρόε
1095 1889 1228 1961 atdrapir,

135 1979 231 2041 soceri
254 2000 373 2051 nomeu,
387 2000 548 2059 socrusque
569 1979 746 2059 significant.
788 1981 844 2041 Est
862 1993 962 2041 autem
985 1984 1078 2043 mixta
1098 1982 1229 2042 notoriis

136 2075 250 2135 actibus
265 2096 300 2136 ac
309 2076 454 2137 statariis:
469 2075 652 2157 multumque
663 2078 875 2137 sententiarum
884 2087 915 2137 et
923 2078 1083 2156 figurarum
1095 2078 1230 2139 conticet

135 2172 165 2230 in
190 2182 256 2232 toto
277 2172 365 2253 stylo.
417 2172 505 2231 Unde
526 2191 593 2232 cum
616 2170 746 2232 delectet
766 2172 933 2253 plurimum,
955 2192 1015 2232 uon
1033 2174 1131 2232 minus
1149 2172 1228 2233 utili·

136 2267 205 2327 tatis
236 2266 320 2328 affert
348 2268 573 2348 spectatoribus.
629 2268 727 2345 Atque
756 2267 786 2324 in
813 2267 871 2325 hac
900 2267 1004 2347 primm
1030 2278 1130 2349 partes
1158 2278 1229 2328 sunt
1336 2345 1338 2350 Ι
1366 2340 1371 2349 ,

137 2361 285 2433 Lachetis,
295 2360 435 2423 secundm
445 2360 602 2441 Pamphili,
611 2362 706 2421 tertiae
720 2357 871 2441 Pbidippi,
891 2375 1006 2441 quartas
1017 2362 1229 2424 Parmenonis:

136 2478 172 2520 ac
192 2457 333 2538 deinceps
346 2459 466 2522 aliarum
477 2477 679 2538 personarum,
692 2479 761 2538 qum
774 2458 822 2518 bis
835 2457 985 2538 adjuncta
1004 2470 1084 2519 sunt.
1126 2458 1231 2520 Divisa

136 2564 313 2626 astantem,
335 2565 369 2615 ut
386 2568 504 2626 ceteras,
524 2554 655 2634 quinque
677 2554 802 2614 Actibus
821 2553 983 2632 legitimis:
1011 2573 1087 2633 quos
1107 2554 1139 2611 iu
1159 2555 1231 2614 sub·

136 2651 207 2712 ditis
227 2649 453 2730 distinguemus.
493 2651 530 2710 la
543 2649 599 2710 hac
613 2649 761 2730 Prologus
778 2659 825 2710 est
837 2659 868 2709 et
880 2649 1044 2731 multiplex,
1064 2662 1094 2711 et
1106 2650 1231 2711 rhetori·

137 2767 191 2808 cus
213 2746 311 2820 nimis,
331 2757 486 2829 propterca
506 2745 585 2826 quod
609 2765 688 2826 saepc
702 2746 825 2808 exclusa
845 2745 912 2807 boec
931 2746 1086 2807 Comoedia
1106 2745 1231 2826 diligan-

138 2845 250 2904 tissima
269 2842 443 2904 defensioue
456 2841 619 2922 indigebat.
659 2841 759 2920 Atque
781 2842 811 2902 in
833 2840 891 2902 bac
910 2840 1043 2904 Protesis
1063 2839 1232 2908 turbulenta

138 2951 194 3011 est,
217 2941 346 3019 Epitasis
375 2938 500 3009 mollior,
528 2937 602 2998 leuis
627 2937 836 3017 Catastrophe.
875 2937 953 3000 Aeta
982 2957 1055 2998 saue
1078 2947 1126 2998 est
1152 2935 1230 2998 ludis

139 3035 374 3116 Megalensibus,
394 3035 486 3094 Sexto
500 3033 591 3102 Julio,
615 3033 652 3094 C.
664 3032 784 3093 Rabirio
797 3033 942 3097 AEdilibus
957 3034 1134 3094 Caralibus:
1155 3032 1232 3111 egit·

138 3153 195 3212 que
220 3134 252 3190 1.
272 3131 433 3192 Ambivius.
474 3127 647 3190 Modulstus
674 3141 721 3190 est
744 3150 810 3190 eam
830 3131 956 3190 Flaccus
982 3129 1126 3190 Claudius
1150 3129 1229 3188 tibiis

138 3229 268 3308 paribus.
288 3227 365 3288 Tota
378 3227 485 3288 Graeca
491 3238 548 3300 est,
561 3227 698 3307 iactaque
712 3237 743 3288 et
754 3226 835 3286 edita
857 3227 960 3305 quinto
974 3225 1051 3298 loco,
1065 3225 1123 3286 Cn.
1138 3224 1231 3284 Octa·

139 3325 196 3397 vio,
214 3325 249 3386 T.
266 3323 379 3386 Manlio
401 3325 488 3384 Coss.
530 3321 656 3385 Cantica
668 3332 699 3382 et
712 3321 844 3384 diverbia
864 3341 979 3380 summo
1000 3322 1030 3381 in
1055 3321 1111 3380 bac
1131 3323 1231 3381 favore

140 3431 280 3500 suscepta
293 3431 371 3484 sunt.
411 3421 572 3499 Προτατικὰ
591 3420 621 3480 in
634 3419 692 3482 bac
711 3422 857 3496 optavero,
877 3417 908 3478 id
921 3428 979 3489 est,
992 3435 1128 3496 personas
1148 3427 1231 3477 extra

140 3529 344 3599 argumentum
364 3518 433 3577 duae
461 3525 541 3590 sunt,
567 3514 726 3576 Philotidis
744 3526 775 3576 st
798 3517 891 3594 Syre.
932 3513 966 3571 ln
990 3522 1054 3572 tota
1077 3511 1233 3572 Comoedia

139 3616 197 3676 boc
211 3615 318 3696 agitur,
339 3625 373 3674 ut
393 3633 441 3674 res
461 3633 546 3674 noste
560 3613 643 3684 fiant,
664 3631 719 3672 nea
733 3621 831 3670 tamen
853 3609 1029 3670 abhorreant
1043 3618 1232 3667 aconsuetu·

139 3709 218 3769 dine.
260 3707 442 3770 inducuntur
462 3708 539 3770 enim
558 3707 708 3768 mausolea
730 3707 850 3773 socrus;
873 3701 1040 3768 verecunda
1061 3721 1170 3770 nurus;
1192 3703 1233 3762 le·

140 3807 281 3866 nissimus
295 3805 324 3866 in
336 3825 456 3868 uxorem
469 3803 601 3876 maritus,
616 3812 646 3864 et
660 3802 729 3866 icem
743 3801 862 3864 deditus
881 3799 969 3864 matri
989 3818 1075 3867 sums
1095 3798 1232 3860 meretrix

138 3903 227 3964 bona.
