2984 4900
253 390 319 470 546
626 406 656 452 r.
679 403 863 454 susurru
888 403 977 453 snas

256 551 403 616 Decesse
418 551 596 635 populum:
620 569 679 614 our
694 549 812 614 insano
828 548 975 613 servisti

139 722 149 739 ,
257 653 311 718 Do
327 653 418 717 illins
428 651 579 736 pcccatis
593 651 689 735 plura
702 650 804 727 dicct,
817 669 893 714 cnm
907 648 999 712 dabit

256 754 352 819 Alias
366 773 485 830 novas,
497 753 562 817 nisi
575 752 674 816 finem
689 752 881 817 maledictis
891 753 983 816 iacit.
1046 777 1052 786 ·

255 853 382 921 Adeste
396 874 496 938 eoquo
508 855 619 920 animo
631 875 639 934 ;
662 855 740 919 dato
754 859 967 938 potestatem,
982 852 1063 917 mihi

257 957 436 1022 Statariam
450 975 549 1038 agere
564 962 599 1021 ut
614 955 718 1020 liccat
731 975 794 1039 per
804 955 990 1034 silentium

257 1056 311 1122 Nc
325 1077 455 1142 semper
468 1075 581 1122 servus
598 1075 740 1134 currens,
756 1055 861 1120 iratus
873 1075 988 1133 senex,

255 1159 355 1223 Edax
369 1161 547 1243 parasitus,
563 1157 774 1242 sycophanta
789 1163 900 1222 autem
911 1157 1099 1240 impudens,

254 1261 390 1326 Avarus
402 1261 489 1339 leno,
505 1260 639 1325 assidue
655 1259 775 1342 agendi
789 1259 857 1324 sint
867 1259 959 1337 mihi,

255 1363 405 1428 Clamore
420 1382 562 1440 summo,
579 1381 657 1425 cnm
671 1360 788 1425 laboro
802 1380 969 1425 maxumo.
1008 1402 1019 1420 .
1308 1361 1355 1425 to

255 1463 337 1529 Mea
351 1484 455 1529 cansa
469 1483 607 1528 causam
621 1463 708 1527 hanc
720 1462 850 1545 justam
861 1481 939 1527 esso
954 1463 1099 1527 animum
1115 1460 1280 1539 inducite,

255 1563 304 1629 Ut
315 1566 427 1650 aliqua
442 1585 519 1650 pars
530 1565 657 1630 laboris
671 1565 837 1630 minuatur
851 1564 941 1628 mihi.

254 1762 396 1822 discurrenti
413 1779 454 1827 per
469 1765 572 1828 pluteum
590 1767 671 1812 roem
688 1763 804 1813 dacum.
838 1761 913 1816 Qecri
928 1776 982 1810 uero
997 1763 1099 1824 prpetee
1114 1760 1209 1824 edeepei
1224 1767 1250 1812 et
1268 1763 1352 1811 cedere

245 1823 336 1876 'debent
346 1828 461 1890 mapic
474 1827 584 1877 dementi.
618 1826 658 1874 De
667 1826 762 1876 lauirii
771 1826 889 1875 erroribus
898 1826 976 1875 Pc’e'tc
989 1826 1096 1889 pierides
1112 1831 1179 1888 eget,
1194 1827 1287 1888 qundo
1298 1827 1352 1874 edet

254 1891 316 1939 etiae
325 1907 397 1940 moes
411 1893 515 1953 sumus,
526 1891 573 1940 nisi
575 1890 653 1955 finem
663 1891 762 1953 imponit
774 1889 956 1940 detractionibus
964 1894 989 1939 et
1004 1890 1077 1939 dictis
1095 1889 1279 1939 centemdceie.
1306 1890 1355 1938 st-

254 1956 315 2003 trnti
324 1960 397 2004 estote
406 1954 517 2016 rtfucete
527 1959 603 2004 mente
612 1954 705 2016 piucidu
715 1960 739 2003 et
783 1956 837 2003 'etc
872 1955 998 2004 Concedite
1016 1959 1044 2003 et
1060 1968 1131 2017 sepse
1146 1956 1179 2003 ed
1194 1955 1287 2004 ιεϋυι
1296 1968 1354 2002 esee

253 2018 433 2068 inuocem
442 2020 531 2084 ponetur
543 2017 643 2068 recitare
658 2019 717 2067 tunc
757 2019 877 2067 cnoedinns
891 2019 1028 2078 steterim,
1045 2033 1097 2080 qua
1113 2022 1190 2066 meter
1207 2033 1253 2067 nce
1270 2017 1353 2078 isid,

253 2096 326 2144 neque
336 2083 433 2132 twice:
449 2099 479 2134 ne
488 2096 577 2145 semper
586 2082 799 2144 wataferdiam,
808 2097 880 2132 men
889 2082 927 2130 ire
937 2086 1024 2144 notes,
1032 2081 1154 2144 possm
1164 2096 1249 2144 mex,
1257 2083 1349 2130 eetern·

254 2147 334 2196 nister
343 2148 471 2222 imprdens,
487 2150 538 2197 tens
554 2147 657 2209 usuris
671 2146 762 2209 acidus,
781 2147 849 2207 niti,
868 2147 909 2208 qui
925 2160 999 2195 eenes
1017 2161 1077 2201 seue,
1098 2151 1122 2194 et
1140 2147 1246 2208 quietern
1261 2160 1353 2209 qeaere,

253 2211 346 2260 auidus
357 2216 404 2260 rent
416 2211 598 2275 representcndi
607 2225 660 2259 curs
669 2211 832 2270 moderatiene
841 2225 928 2272 nem
938 2215 963 2258 et
971 2209 1152 2270 du'etigrtirne.
1187 2211 1211 2258 0
1227 2225 1270 2258 ece
1284 2223 1352 2271 epec-

254 2273 361 2324 tetoree!
377 2276 423 2326 etei
437 2291 515 2336 mmo,
530 2274 618 2324 credite
629 2273 722 2334 justum
738 2288 788 2322 esee
803 2288 905 2333 seeum,
922 2288 964 2322 cer
977 2279 1065 2336 paens,
1083 2279 1111 2322 et
1126 2289 1169 2323 vce
1183 2289 1237 2322 cene
1255 2273 1353 2322 riieetie

254 2339 343 2388 attenti
358 2341 421 2401 ritis,
437 2345 461 2389 et
478 2345 505 2388 et
522 2340 549 2388 in
564 2341 654 2400 agendo
670 2337 749 2399 niiqsu
763 2342 831 2400 purte
840 2337 927 2386 tuberis
936 2337 1058 2395 enitescu-
1068 2352 1099 2386 ne
1110 2337 1170 2386 retii
1180 2352 1271 2400 uesper
1281 2336 1352 2386 ests-

255 2400 323 2453 tendi
333 2403 391 2466 sint,
400 2405 436 2455 eet
449 2417 529 2455 smus
543 2415 648 2465 wore,
662 2401 780 2450 aeirem
794 2399 879 2464 ieter,
889 2402 926 2450 eet
932 2403 1054 2466 pereriten
1063 2403 1137 2466 edus,
1146 2403 1184 2450 eet
1193 2403 1353 2453 muster

686 2539 689 2548 ¹
707 2543 886 2565 “mm

253 2656 389 2708 frustrare
405 2665 528 2725 torquent
539 2660 564 2709 in
575 2660 641 2711 henc
651 2658 964 2773 iectionsmexpiicendo.
997 2658 1140 2708 Verissime
1160 2664 1202 2707 ert
1220 2657 1354 2708 Perieooii

853 2724 925 2773 necto
936 2723 1044 2773 heinio
1056 2723 1122 2773 uitio
1133 2724 1214 2773 vertit
1225 2723 1296 2787 qnod
1308 2738 1354 2787 pc·

255 2722 411 2787 emendatio,
429 2725 529 2775 Dixisse
560 2758 567 2775 .
595 2726 663 2777 Neon
679 2724 819 2773 Terentius

531 2740 634 2838 ‹ererit
654 2802 712 2838 curn
731 2802 806 2837 eereo
826 2788 984 2851 toquentem.
1002 2788 1035 2835 R.
1046 2787 1081 2835 D.
1115 2784 1255 2850 Approbet
1272 2787 1355 2837 Bent.

274 2786 343 2835 utum
362 2788 389 2836 io
409 2802 487 2838 scene
503 2789 529 2837 in

254 2801 326 2899 {diti
337 2853 465 2903 vetustiss.
478 2868 511 2903 ex
522 2854 585 2903 Mss.
598 2850 758 2917 quibusdam,
774 2851 916 2901 Deceerieee.
949 2851 1019 2902 ‘Qui
1035 2852 1083 2899 hoc
1104 2850 1162 2901 ioco
1179 2852 1284 2901 anion
1301 2851 1354 2915 tegi

255 2914 354 2976 volunt,
364 2916 449 2965 nescio
462 2932 537 2980 quern
548 2931 650 2967 sensum
662 2914 753 2965 Potitus
764 2914 908 2976 effingunt
928 2914 1071 2965 wau-ar
1087 2912 1146 2965 GC.
1163 2928 1181 2963 e
1194 2914 1353 2965 dictionibus

253 2978 311 3026 iret.
329 2994 378 3028 sen.
389 2982 479 3044 incipit
491 2995 589 3030 versum
609 2983 835 3043 sequentem-³9
853 2977 920 3028 GM.
938 2979 997 3027 reni.
1021 2977 1084 3026 ltid.
1106 2978 1152 3028 Br.
1174 2978 1269 3028 omieso
1286 2980 1355 3027 esini.

255 3042 305 3089 Sed
318 3044 432 3101 discor,
447 3044 507 3105 sent,
525 3052 569 3092 snt
580 3058 627 3105 pro
639 3045 722 3105 glossa
735 3042 818 3105 primo
828 3040 919 3102 fnisse,
936 3050 980 3090 ent
998 3041 1092 3090 deiude
1109 3043 1137 3090 in
1156 3049 1259 3091 textum
1271 3044 1355 3105 irrep·

256 3105 329 3165 sisse,
340 3114 383 3155 eut
395 3107 505 3169 denique
518 3108 697 3169 perinenrianr
708 3106 807 3155 librarii
821 3120 835 3154 e
855 3120 893 3155 rs.
904 3109 947 3156 tt.
963 3106 1013 3154 huc
1032 3105 1142 3155 reductu
1159 3104 1274 3156 ridetur.
1285 3107 1356 3157 Peri.

255 3168 307 3218 Ms.
318 3170 389 3233 Lipr.
402 3170 458 3219 ΕΡ.
473 3172 528 3219 ΕΤ.
539 3177 567 3221 et
579 3171 634 3221 EV.
648 3176 670 3221 l.
683 3184 742 3221 com
759 3168 911 3233 quibusdem
932 3169 987 3219 eiiis
999 3170 1078 3219 etiem
1089 3169 1215 3220 exhibent
1224 3172 1353 3221 unt-ee

745 3298 770 3347 N
774 3297 852 3347 OTAE

286 3395 317 3442 tl
337 3392 385 3448 Qui
412 3408 486 3456 nuper
500 3394 562 3453 jecit
578 3408 644 3444 enee
662 3394 779 3457 comente]
819 3392 1044 3457 euntquictiorce3
1060 3392 1181 3442 innitere
1196 3393 1282 3458 enegio
1299 3399 1354 3443 tnr-
1463 3406 1467 3409 ’

254 3466 387 3515 Lerininrn
397 3467 557 3530 perstringit,
574 3469 617 3532 qni
634 3466 779 3533 inqnedern
820 3466 947 3528 bulentte3
963 3468 1078 3519 intortis
1093 3476 1232 3534 utrumqne
1243 3484 1355 3519 concur·

254 3542 388 3591 conroedis
398 3555 500 3592 serrum
510 3540 637 3593 furentem
646 3543 780 3591 etdiscur·
818 3543 863 3591 rit.
895 3544 1009 3592 Mctcrie
1019 3552 1062 3595 cst
1072 3543 1230 3607 Amphitryo
1245 3546 1356 3609 Pleuti3
1430 3560 1436 3571 ·

254 3624 354 3667 rentem
367 3632 414 3682 per
425 3616 495 3667 vicos
512 3622 686 3681 expresserat,
698 3627 726 3668 et
737 3632 779 3681 po-
819 3617 930 3665 steteris
952 3617 1067 3679 cjcedero
1087 3617 1252 3680 Cieteiierie;
1269 3619 1354 3670 miste

253 3693 341 3755 poium
386 3693 453 3741 iliius
487 3693 595 3757 impetui
627 3692 779 3743 cedentemz
821 3693 1088 3745 Eunuchns'rerentii.
1108 3694 1355 3747 HencCcmosdiere

221 3822 226 3841 .
254 3767 323 3830 quod
334 3774 424 3818 contre
441 3768 563 3818 decorum
577 3772 627 3829 est,
646 3768 779 3817 discours·
818 3768 901 3818 Poite
911 3767 947 3817 sit
959 3782 1017 3819 erse
1028 3770 1170 3820 stetertsrn.

253 3842 325 3890 niens
334 3842 482 3904 Conoediae,
492 3850 520 3891 et
536 3843 609 3891 nimis
627 3842 779 3905 Tragicom,
849 3848 881 3895 tl
898 3845 958 3893 Mes
971 3846 1054 3909 muse]
1071 3845 1154 3895 Actor
1174 3846 1307 3909 postulet,
1323 3856 1355 3897 ut

252 3914 369 3966 furentes
388 3918 414 3967 iu
432 3931 535 3967 scenam
554 3916 686 3967 Cornicen
704 3915 778 3968 indu·
817 3919 873 3984 ejus
890 3934 970 3983 opere
987 3921 1113 3971 inserviet
1132 3921 1220 3985 potine
1240 3921 1355 3985 agendis

253 4002 322 4041 cere.
817 3994 955 4044 conroediie
976 3995 1102 4057 steteriie,
1127 4010 1206 4059 que·
1225 3997 1357 4059 notoriis,

285 4070 318 4116 36
333 4066 466 4117 &ctericus
483 4068 565 4133 cgere]
591 4068 707 4117 Romans
728 4068 779 4118 Co·
817 4082 876 4120 corn
888 4067 1038 4135 Actoripnc
1056 4071 1092 4122 eit
1107 4085 1200 4136 senen,
1216 4073 1262 4123 cni
1277 4074 1355 4137 perci

253 4143 347 4192 moedis
361 4144 439 4192 etiem
450 4144 576 4194 dividitur
591 4144 617 4193 io
634 4142 778 4206 statarium,
818 4144 922 4200 debent,

252 4219 397 4283 motorium,
415 4226 443 4269 ct
462 4219 582 4271 rnixtetn:
598 4220 625 4269 in
640 4219 780 4284 primores
