<?xml version="1.0" encoding="UTF-8"?>
<!DOCTYPE html PUBLIC "-//W3C//DTD XHTML 1.0 Transitional//EN"
    "http://www.w3.org/TR/xhtml1/DTD/xhtml1-transitional.dtd">
<html xmlns="http://www.w3.org/1999/xhtml" xml:lang="en" lang="en">
 <head>
  <title>
</title>
<meta http-equiv="Content-Type" content="text/html;charset=utf-8" />
  <meta name='ocr-system' content='tesseract 3.04.00' />
  <meta name='ocr-capabilities' content='ocr_page ocr_carea ocr_par ocr_line ocrx_word'/>
</head>
<body>
  <div class='ocr_page' id='page_1' title='image "./comoedisex08westgoog_0305.png"; bbox 0 0 2984 4900; ppageno 0'>
   <div class='ocr_carea' id='block_1_1' title="bbox 680 412 931 471">
    <p class='ocr_par' dir='ltr' id='par_1_1' title="bbox 680 412 931 471">
     <span class='ocr_line' id='line_1_1' title="bbox 680 412 931 471; baseline 0.004 -3"><span class='ocrx_word' id='word_1_1' title='bbox 680 412 931 471; x_wconf 68' lang='lat' dir='ltr'>ARGUMBNPA.</span> 
     </span>
    </p>
   </div>
   <div class='ocr_carea' id='block_1_2' title="bbox 492 674 1124 729">
    <p class='ocr_par' dir='ltr' id='par_1_2' title="bbox 492 674 1124 729">
     <span class='ocr_line' id='line_1_2' title="bbox 492 674 1124 729; baseline 0.008 -6"><span class='ocrx_word' id='word_1_2' title='bbox 492 677 530 724; x_wconf 84' lang='lat' dir='ltr'>lt.</span> <span class='ocrx_word' id='word_1_3' title='bbox 554 674 641 726; x_wconf 76' lang='lat' dir='ltr'>ANP.</span> <span class='ocrx_word' id='word_1_4' title='bbox 665 677 814 726; x_wconf 79' lang='lat' dir='ltr'>MURE‘PI</span> <span class='ocrx_word' id='word_1_5' title='bbox 837 677 1124 729; x_wconf 71' lang='lat' dir='ltr'>ARGUMENTUM.</span> 
     </span>
    </p>
   </div>
   <div class='ocr_carea' id='block_1_3' title="bbox 202 806 1360 2239">
    <p class='ocr_par' dir='ltr' id='par_1_3' title="bbox 202 806 1360 2239">
     <span class='ocr_line' id='line_1_3' title="bbox 258 806 1360 881; baseline 0.006 -22"><span class='ocrx_word' id='word_1_6' title='bbox 258 806 434 875; x_wconf 76' lang='lat' dir='ltr'>Paterniana,</span> <span class='ocrx_word' id='word_1_7' title='bbox 450 810 569 860; x_wconf 72' lang='lat' dir='ltr'>Lachetis</span> <span class='ocrx_word' id='word_1_8' title='bbox 578 809 720 861; x_wconf 77' lang='lat' dir='ltr'>edostrata</span> <span class='ocrx_word' id='word_1_9' title='bbox 730 826 811 861; x_wconf 84' lang='lat' dir='ltr'>uxore</span> <span class='ocrx_word' id='word_1_10' title='bbox 821 808 900 874; x_wconf 82' lang='lat' dir='ltr'>tilius,</span> <span class='ocrx_word' id='word_1_11' title='bbox 910 812 1066 862; x_wconf 71' lang='lat' dir='ltr'>bacchidem</span> <span class='ocrx_word' id='word_1_12' title='bbox 1076 814 1240 866; x_wconf 71' lang='lat' dir='ltr'>meretricem</span> <span class='ocrx_word' id='word_1_13' title='bbox 1251 815 1360 881; x_wconf 86' lang='lat' dir='ltr'>deperi·</span> 
     </span>
     <span class='ocr_line' id='line_1_4' title="bbox 202 890 1360 961; baseline 0.005 -20"><span class='ocrx_word' id='word_1_14' title='bbox 202 936 211 953; x_wconf 80' lang='lat'>,</span> <span class='ocrx_word' id='word_1_15' title='bbox 289 891 343 943; x_wconf 86' lang='lat' dir='ltr'>but.</span> <span class='ocrx_word' id='word_1_16' title='bbox 373 890 404 961; x_wconf 83' lang='lat' dir='ltr'>¹Ia</span> <span class='ocrx_word' id='word_1_17' title='bbox 421 906 479 941; x_wconf 89' lang='lat' dir='ltr'>cnm</span> <span class='ocrx_word' id='word_1_18' title='bbox 497 890 634 957; x_wconf 90' lang='lat' dir='ltr'>aliquando</span> <span class='ocrx_word' id='word_1_19' title='bbox 646 896 724 941; x_wconf 87' lang='lat' dir='ltr'>noctu</span> <span class='ocrx_word' id='word_1_20' title='bbox 742 892 776 941; x_wconf 87' lang='lat' dir='ltr'>ud</span> <span class='ocrx_word' id='word_1_21' title='bbox 796 907 853 943; x_wconf 88' lang='lat' dir='ltr'>earu</span> <span class='ocrx_word' id='word_1_22' title='bbox 873 890 1029 945; x_wconf 83' lang='lat' dir='ltr'>temulentus</span> <span class='ocrx_word' id='word_1_23' title='bbox 1046 894 1108 955; x_wconf 88' lang='lat' dir='ltr'>iret,</span> <span class='ocrx_word' id='word_1_24' title='bbox 1123 895 1150 947; x_wconf 91' lang='lat' dir='ltr'>iu</span> <span class='ocrx_word' id='word_1_25' title='bbox 1166 895 1360 961; x_wconf 76' lang='lat' dir='ltr'>Philumenen,</span> 
     </span>
     <span class='ocr_line' id='line_1_5' title="bbox 290 958 1358 1041; baseline 0 -18"><span class='ocrx_word' id='word_1_26' title='bbox 290 970 415 1035; x_wconf 87' lang='lat' dir='ltr'>Phidippi</span> <span class='ocrx_word' id='word_1_27' title='bbox 427 958 605 1035; x_wconf 77' lang='lat' dir='ltr'>et&#39;Myrrhiuoe</span> <span class='ocrx_word' id='word_1_28' title='bbox 617 966 707 1033; x_wconf 85' lang='lat' dir='ltr'>filiam,</span> <span class='ocrx_word' id='word_1_29' title='bbox 724 971 825 1029; x_wconf 87' lang='lat' dir='ltr'>incidit,</span> <span class='ocrx_word' id='word_1_30' title='bbox 841 988 949 1040; x_wconf 87' lang='lat' dir='ltr'>eamque</span> <span class='ocrx_word' id='word_1_31' title='bbox 967 974 993 1023; x_wconf 92' lang='lat' dir='ltr'>iu</span> <span class='ocrx_word' id='word_1_32' title='bbox 1005 975 1045 1023; x_wconf 86' lang='lat' dir='ltr'>riu</span> <span class='ocrx_word' id='word_1_33' title='bbox 1062 990 1110 1040; x_wconf 91' lang='lat' dir='ltr'>per</span> <span class='ocrx_word' id='word_1_34' title='bbox 1121 975 1170 1026; x_wconf 87' lang='lat' dir='ltr'>rim</span> <span class='ocrx_word' id='word_1_35' title='bbox 1182 978 1358 1041; x_wconf 78' lang='lat' dir='ltr'>compressit:</span> 
     </span>
     <span class='ocr_line' id='line_1_6' title="bbox 290 1050 1358 1122; baseline 0.006 -20"><span class='ocrx_word' id='word_1_36' title='bbox 290 1058 367 1117; x_wconf 86' lang='lat' dir='ltr'>utque</span> <span class='ocrx_word' id='word_1_37' title='bbox 388 1052 425 1101; x_wconf 89' lang='lat' dir='ltr'>ita</span> <span class='ocrx_word' id='word_1_38' title='bbox 446 1050 548 1115; x_wconf 83' lang='lat' dir='ltr'>effugit,</span> <span class='ocrx_word' id='word_1_39' title='bbox 564 1058 595 1101; x_wconf 89' lang='lat' dir='ltr'>ut</span> <span class='ocrx_word' id='word_1_40' title='bbox 615 1066 699 1117; x_wconf 88' lang='lat' dir='ltr'>neque</span> <span class='ocrx_word' id='word_1_41' title='bbox 719 1053 777 1117; x_wconf 90' lang='lat' dir='ltr'>ipse</span> <span class='ocrx_word' id='word_1_42' title='bbox 797 1068 864 1111; x_wconf 88' lang='lat' dir='ltr'>eam,</span> <span class='ocrx_word' id='word_1_43' title='bbox 880 1068 965 1119; x_wconf 83' lang='lat' dir='ltr'>neque</span> <span class='ocrx_word' id='word_1_44' title='bbox 984 1056 1072 1119; x_wconf 86' lang='lat' dir='ltr'>puella</span> <span class='ocrx_word' id='word_1_45' title='bbox 1096 1056 1179 1120; x_wconf 90' lang='lat' dir='ltr'>ipsum</span> <span class='ocrx_word' id='word_1_46' title='bbox 1198 1072 1358 1122; x_wconf 86' lang='lat' dir='ltr'>cognoacere</span> 
     </span>
     <span class='ocr_line' id='line_1_7' title="bbox 289 1132 1358 1201; baseline 0.007 -21"><span class='ocrx_word' id='word_1_47' title='bbox 289 1132 415 1197; x_wconf 86' lang='lat' dir='ltr'>potuerit.</span> <span class='ocrx_word' id='word_1_48' title='bbox 447 1132 478 1181; x_wconf 92' lang='lat' dir='ltr'>lu</span> <span class='ocrx_word' id='word_1_49' title='bbox 497 1132 542 1182; x_wconf 90' lang='lat' dir='ltr'>illu</span> <span class='ocrx_word' id='word_1_50' title='bbox 559 1139 644 1183; x_wconf 85' lang='lat' dir='ltr'>antem</span> <span class='ocrx_word' id='word_1_51' title='bbox 666 1133 737 1181; x_wconf 86' lang='lat' dir='ltr'>lucta</span> <span class='ocrx_word' id='word_1_52' title='bbox 754 1132 834 1183; x_wconf 87' lang='lat' dir='ltr'>etiam</span> <span class='ocrx_word' id='word_1_53' title='bbox 851 1135 972 1185; x_wconf 83' lang='lat' dir='ltr'>annulum</span> <span class='ocrx_word' id='word_1_54' title='bbox 983 1136 1009 1185; x_wconf 92' lang='lat' dir='ltr'>el</span> <span class='ocrx_word' id='word_1_55' title='bbox 1024 1136 1150 1199; x_wconf 73' lang='lat' dir='ltr'>detraxit,</span> <span class='ocrx_word' id='word_1_56' title='bbox 1165 1152 1277 1201; x_wconf 87' lang='lat' dir='ltr'>eumque</span> <span class='ocrx_word' id='word_1_57' title='bbox 1288 1138 1358 1187; x_wconf 84' lang='lat' dir='ltr'>Bau·</span> 
     </span>
     <span class='ocr_line' id='line_1_8' title="bbox 291 1211 1358 1277; baseline 0.004 -16"><span class='ocrx_word' id='word_1_58' title='bbox 291 1211 359 1261; x_wconf 90' lang='lat' dir='ltr'>chidi</span> <span class='ocrx_word' id='word_1_59' title='bbox 376 1212 444 1262; x_wconf 92' lang='lat' dir='ltr'>dono</span> <span class='ocrx_word' id='word_1_60' title='bbox 465 1211 547 1262; x_wconf 80' lang='lat' dir='ltr'>dedit.</span> <span class='ocrx_word' id='word_1_61' title='bbox 581 1212 664 1261; x_wconf 89' lang='lat' dir='ltr'>Paulo</span> <span class='ocrx_word' id='word_1_62' title='bbox 686 1220 745 1277; x_wconf 91' lang='lat' dir='ltr'>post</span> <span class='ocrx_word' id='word_1_63' title='bbox 764 1221 840 1277; x_wconf 89' lang='lat' dir='ltr'>pater</span> <span class='ocrx_word' id='word_1_64' title='bbox 859 1229 926 1275; x_wconf 90' lang='lat' dir='ltr'>euru,</span> <span class='ocrx_word' id='word_1_65' title='bbox 947 1223 1002 1265; x_wconf 89' lang='lat' dir='ltr'>tum</span> <span class='ocrx_word' id='word_1_66' title='bbox 1020 1222 1052 1266; x_wconf 89' lang='grc' dir='ltr'>ιιι</span> <span class='ocrx_word' id='word_1_67' title='bbox 1067 1231 1083 1265; x_wconf 87' lang='lat' dir='ltr'>a</span> <span class='ocrx_word' id='word_1_68' title='bbox 1101 1217 1250 1267; x_wconf 73' lang='lat' dir='ltr'>meretricio</span> <span class='ocrx_word' id='word_1_69' title='bbox 1267 1230 1358 1267; x_wconf 89' lang='lat' dir='ltr'>amore</span> 
     </span>
     <span class='ocr_line' id='line_1_9' title="bbox 292 1290 1358 1361; baseline 0.005 -20"><span class='ocrx_word' id='word_1_70' title='bbox 292 1298 432 1354; x_wconf 82' lang='lat' dir='ltr'>averteret,</span> <span class='ocrx_word' id='word_1_71' title='bbox 448 1297 502 1341; x_wconf 89' lang='lat' dir='ltr'>turn</span> <span class='ocrx_word' id='word_1_72' title='bbox 522 1296 552 1341; x_wconf 89' lang='lat' dir='ltr'>ut</span> <span class='ocrx_word' id='word_1_73' title='bbox 571 1290 720 1354; x_wconf 75' lang='lat' dir='ltr'>presidium</span> <span class='ocrx_word' id='word_1_74' title='bbox 740 1307 794 1342; x_wconf 79' lang='lat' dir='ltr'>snae</span> <span class='ocrx_word' id='word_1_75' title='bbox 810 1295 938 1344; x_wconf 71' lang='lat' dir='ltr'>senectuti</span> <span class='ocrx_word' id='word_1_76' title='bbox 956 1303 1071 1361; x_wconf 85' lang='lat' dir='ltr'>pararet,</span> <span class='ocrx_word' id='word_1_77' title='bbox 1087 1297 1119 1347; x_wconf 87' lang='lat' dir='ltr'>ad</span> <span class='ocrx_word' id='word_1_78' title='bbox 1132 1313 1239 1348; x_wconf 84' lang='lat' dir='ltr'>uaoresu</span> <span class='ocrx_word' id='word_1_79' title='bbox 1258 1298 1358 1347; x_wconf 84' lang='lat' dir='ltr'>ducen-</span> 
     </span>
     <span class='ocr_line' id='line_1_10' title="bbox 291 1370 1358 1442; baseline 0.006 -22"><span class='ocrx_word' id='word_1_80' title='bbox 291 1371 349 1421; x_wconf 87' lang='lat' dir='ltr'>dam</span> <span class='ocrx_word' id='word_1_81' title='bbox 361 1371 484 1435; x_wconf 82' lang='lat' dir='ltr'>perpulit.</span> <span class='ocrx_word' id='word_1_82' title='bbox 500 1370 627 1436; x_wconf 83' lang='lat' dir='ltr'>Contigit,</span> <span class='ocrx_word' id='word_1_83' title='bbox 639 1379 669 1423; x_wconf 87' lang='lat' dir='ltr'>nt</span> <span class='ocrx_word' id='word_1_84' title='bbox 679 1388 710 1423; x_wconf 88' lang='lat' dir='ltr'>ea</span> <span class='ocrx_word' id='word_1_85' title='bbox 722 1372 780 1436; x_wconf 89' lang='lat' dir='ltr'>lpsa</span> <span class='ocrx_word' id='word_1_86' title='bbox 791 1388 856 1423; x_wconf 80' lang='lat' dir='ltr'>uxor</span> <span class='ocrx_word' id='word_1_87' title='bbox 866 1375 892 1423; x_wconf 88' lang='lat' dir='ltr'>ei</span> <span class='ocrx_word' id='word_1_88' title='bbox 908 1374 1026 1440; x_wconf 87' lang='lat' dir='ltr'>daretur,</span> <span class='ocrx_word' id='word_1_89' title='bbox 1039 1390 1116 1442; x_wconf 90' lang='lat' dir='ltr'>quam</span> <span class='ocrx_word' id='word_1_90' title='bbox 1126 1377 1184 1442; x_wconf 87' lang='lat' dir='ltr'>ipae</span> <span class='ocrx_word' id='word_1_91' title='bbox 1199 1386 1358 1442; x_wconf 82' lang='lat' dir='ltr'>constupra-</span> 
     </span>
     <span class='ocr_line' id='line_1_11' title="bbox 289 1450 1357 1525; baseline 0.006 -24"><span class='ocrx_word' id='word_1_92' title='bbox 289 1458 382 1514; x_wconf 83' lang='lat' dir='ltr'>verut;</span> <span class='ocrx_word' id='word_1_93' title='bbox 408 1450 537 1525; x_wconf 85' lang='lat' dir='ltr'>gaudente</span> <span class='ocrx_word' id='word_1_94' title='bbox 559 1451 694 1503; x_wconf 76' lang='lat' dir='ltr'>admodum</span> <span class='ocrx_word' id='word_1_95' title='bbox 714 1454 808 1517; x_wconf 81' lang='lat' dir='ltr'>puellae</span> <span class='ocrx_word' id='word_1_96' title='bbox 828 1461 920 1519; x_wconf 87' lang='lat' dir='ltr'>matre,</span> <span class='ocrx_word' id='word_1_97' title='bbox 933 1472 1002 1521; x_wconf 80' lang='lat' dir='ltr'>qum,</span> <span class='ocrx_word' id='word_1_98' title='bbox 1022 1458 1085 1522; x_wconf 88' lang='lat' dir='ltr'>qrria</span> <span class='ocrx_word' id='word_1_99' title='bbox 1103 1459 1159 1508; x_wconf 89' lang='lat' dir='ltr'>sola</span> <span class='ocrx_word' id='word_1_100' title='bbox 1175 1460 1281 1508; x_wconf 88' lang='lat' dir='ltr'>conscia</span> <span class='ocrx_word' id='word_1_101' title='bbox 1300 1465 1357 1507; x_wconf 89' lang='lat' dir='ltr'>erat</span> 
     </span>
     <span class='ocr_line' id='line_1_12' title="bbox 289 1532 1357 1602; baseline 0.002 -18"><span class='ocrx_word' id='word_1_102' title='bbox 289 1532 367 1584; x_wconf 86' lang='lat' dir='ltr'>tiliam</span> <span class='ocrx_word' id='word_1_103' title='bbox 378 1547 394 1582; x_wconf 90' lang='lat' dir='ltr'>e</span> <span class='ocrx_word' id='word_1_104' title='bbox 404 1538 494 1595; x_wconf 89' lang='lat' dir='ltr'>stupro</span> <span class='ocrx_word' id='word_1_105' title='bbox 511 1532 644 1595; x_wconf 81' lang='lat' dir='ltr'>gravidam</span> <span class='ocrx_word' id='word_1_106' title='bbox 655 1548 720 1595; x_wconf 86' lang='lat' dir='ltr'>eree,</span> <span class='ocrx_word' id='word_1_107' title='bbox 737 1534 924 1598; x_wconf 70' lang='lat' dir='ltr'>quamprimum</span> <span class='ocrx_word' id='word_1_108' title='bbox 935 1549 990 1585; x_wconf 86' lang='lat' dir='ltr'>earu</span> <span class='ocrx_word' id='word_1_109' title='bbox 1002 1536 1129 1587; x_wconf 84' lang='lat' dir='ltr'>collocare</span> <span class='ocrx_word' id='word_1_110' title='bbox 1141 1536 1312 1602; x_wconf 82' lang='lat' dir='ltr'>properabat,</span> <span class='ocrx_word' id='word_1_111' title='bbox 1318 1545 1357 1600; x_wconf 87' lang='lat' dir='ltr'>at,</span> 
     </span>
     <span class='ocr_line' id='line_1_13' title="bbox 291 1611 1358 1681; baseline 0.003 -18"><span class='ocrx_word' id='word_1_112' title='bbox 291 1614 312 1663; x_wconf 91' lang='lat' dir='ltr'>si</span> <span class='ocrx_word' id='word_1_113' title='bbox 331 1611 400 1662; x_wconf 83' lang='lat' dir='ltr'>forte</span> <span class='ocrx_word' id='word_1_114' title='bbox 418 1617 478 1676; x_wconf 91' lang='lat' dir='ltr'>post</span> <span class='ocrx_word' id='word_1_115' title='bbox 495 1612 595 1677; x_wconf 75' lang='lat' dir='ltr'>aliquot</span> <span class='ocrx_word' id='word_1_116' title='bbox 609 1626 711 1663; x_wconf 87' lang='lat' dir='ltr'>meuses</span> <span class='ocrx_word' id='word_1_117' title='bbox 731 1621 847 1678; x_wconf 89' lang='lat' dir='ltr'>pareret,</span> <span class='ocrx_word' id='word_1_118' title='bbox 862 1614 970 1678; x_wconf 88' lang='lat' dir='ltr'>nuptiis,</span> <span class='ocrx_word' id='word_1_119' title='bbox 992 1616 1209 1679; x_wconf 83' lang='lat' dir='ltr'>quemadmodum</span> <span class='ocrx_word' id='word_1_120' title='bbox 1224 1630 1299 1681; x_wconf 69' lang='lat' dir='ltr'>sepe</span> <span class='ocrx_word' id='word_1_121' title='bbox 1313 1615 1358 1679; x_wconf 88' lang='lat' dir='ltr'>tit,</span> 
     </span>
     <span class='ocr_line' id='line_1_14' title="bbox 290 1692 1357 1760; baseline 0.004 -17"><span class='ocrx_word' id='word_1_122' title='bbox 290 1695 461 1757; x_wconf 76' lang='lat' dir='ltr'>obtegeretur</span> <span class='ocrx_word' id='word_1_123' title='bbox 477 1698 605 1757; x_wconf 88' lang='lat' dir='ltr'>stuprum.</span> <span class='ocrx_word' id='word_1_124' title='bbox 638 1692 742 1743; x_wconf 82' lang='lat' dir='ltr'>Cecidit</span> <span class='ocrx_word' id='word_1_125' title='bbox 759 1706 802 1742; x_wconf 89' lang='lat' dir='ltr'>res</span> <span class='ocrx_word' id='word_1_126' title='bbox 819 1694 895 1759; x_wconf 88' lang='lat' dir='ltr'>louge</span> <span class='ocrx_word' id='word_1_127' title='bbox 912 1694 1000 1757; x_wconf 87' lang='lat' dir='ltr'>aliter,</span> <span class='ocrx_word' id='word_1_128' title='bbox 1023 1709 1055 1745; x_wconf 92' lang='lat' dir='ltr'>ac</span> <span class='ocrx_word' id='word_1_129' title='bbox 1071 1694 1222 1760; x_wconf 86' lang='lat' dir='ltr'>putabatur.</span> <span class='ocrx_word' id='word_1_130' title='bbox 1254 1697 1357 1747; x_wconf 64' lang='lat' dir='ltr'>menius</span> 
     </span>
     <span class='ocr_line' id='line_1_15' title="bbox 289 1772 1358 1843; baseline 0.002 -18"><span class='ocrx_word' id='word_1_131' title='bbox 289 1774 453 1838; x_wconf 86' lang='lat' dir='ltr'>Pamphilus,</span> <span class='ocrx_word' id='word_1_132' title='bbox 477 1774 522 1839; x_wconf 88' lang='lat' dir='ltr'>qui</span> <span class='ocrx_word' id='word_1_133' title='bbox 539 1772 707 1823; x_wconf 81' lang='lat' dir='ltr'>invitissimus</span> <span class='ocrx_word' id='word_1_134' title='bbox 726 1773 867 1837; x_wconf 85' lang='lat' dir='ltr'>adjecisset</span> <span class='ocrx_word' id='word_1_135' title='bbox 888 1775 1000 1824; x_wconf 89' lang='lat' dir='ltr'>animum</span> <span class='ocrx_word' id='word_1_136' title='bbox 1022 1774 1055 1824; x_wconf 86' lang='lat' dir='ltr'>sd</span> <span class='ocrx_word' id='word_1_137' title='bbox 1076 1790 1129 1827; x_wconf 87' lang='lat' dir='ltr'>reus</span> <span class='ocrx_word' id='word_1_138' title='bbox 1147 1778 1277 1839; x_wconf 76' lang='lat' dir='ltr'>uxoriam,</span> <span class='ocrx_word' id='word_1_139' title='bbox 1297 1778 1358 1843; x_wconf 86' lang='lat' dir='ltr'>quia</span> 
     </span>
     <span class='ocr_line' id='line_1_16' title="bbox 291 1852 1357 1918; baseline 0.005 -15"><span class='ocrx_word' id='word_1_140' title='bbox 291 1854 403 1904; x_wconf 76' lang='lat' dir='ltr'>avellere</span> <span class='ocrx_word' id='word_1_141' title='bbox 414 1866 441 1902; x_wconf 93' lang='lat' dir='ltr'>se</span> <span class='ocrx_word' id='word_1_142' title='bbox 456 1852 600 1917; x_wconf 86' lang='lat' dir='ltr'>derepente</span> <span class='ocrx_word' id='word_1_143' title='bbox 616 1852 783 1902; x_wconf 86' lang='lat' dir='ltr'>eBecchidis</span> <span class='ocrx_word' id='word_1_144' title='bbox 799 1867 887 1903; x_wconf 86' lang='lat' dir='ltr'>aurore</span> <span class='ocrx_word' id='word_1_145' title='bbox 904 1869 953 1903; x_wconf 90' lang='lat' dir='ltr'>nou</span> <span class='ocrx_word' id='word_1_146' title='bbox 965 1862 1063 1918; x_wconf 86' lang='lat' dir='ltr'>posset,</span> <span class='ocrx_word' id='word_1_147' title='bbox 1080 1858 1117 1905; x_wconf 85' lang='lat' dir='ltr'>ita</span> <span class='ocrx_word' id='word_1_148' title='bbox 1135 1856 1231 1907; x_wconf 89' lang='lat' dir='ltr'>dormit</span> <span class='ocrx_word' id='word_1_149' title='bbox 1240 1872 1300 1907; x_wconf 85' lang='lat' dir='ltr'>eum</span> <span class='ocrx_word' id='word_1_150' title='bbox 1312 1874 1357 1908; x_wconf 81' lang='lat' dir='ltr'>ux·</span> 
     </span>
     <span class='ocr_line' id='line_1_17' title="bbox 291 1933 1357 2002; baseline 0.002 -17"><span class='ocrx_word' id='word_1_151' title='bbox 291 1948 346 1996; x_wconf 88' lang='lat' dir='ltr'>ore,</span> <span class='ocrx_word' id='word_1_152' title='bbox 360 1938 396 1988; x_wconf 86' lang='lat' dir='ltr'>¹ut</span> <span class='ocrx_word' id='word_1_153' title='bbox 412 1946 469 1983; x_wconf 87' lang='lat' dir='ltr'>eam</span> <span class='ocrx_word' id='word_1_154' title='bbox 488 1946 520 1982; x_wconf 89' lang='lat' dir='ltr'>ue</span> <span class='ocrx_word' id='word_1_155' title='bbox 537 1933 655 1997; x_wconf 87' lang='lat' dir='ltr'>attigerit</span> <span class='ocrx_word' id='word_1_156' title='bbox 674 1934 786 1998; x_wconf 90' lang='lat' dir='ltr'>quidem.</span> <span class='ocrx_word' id='word_1_157' title='bbox 819 1934 938 1997; x_wconf 88' lang='lat' dir='ltr'>Bacchis,</span> <span class='ocrx_word' id='word_1_158' title='bbox 956 1936 1034 2001; x_wconf 87' lang='lat' dir='ltr'>quod,</span> <span class='ocrx_word' id='word_1_159' title='bbox 1053 1951 1085 1987; x_wconf 87' lang='lat' dir='ltr'>ea</span> <span class='ocrx_word' id='word_1_160' title='bbox 1096 1938 1164 1998; x_wconf 82' lang='lat' dir='ltr'>riva,</span> <span class='ocrx_word' id='word_1_161' title='bbox 1181 1952 1312 2002; x_wconf 90' lang='lat' dir='ltr'>uunquam</span> <span class='ocrx_word' id='word_1_162' title='bbox 1328 1953 1357 1987; x_wconf 89' lang='lat' dir='ltr'>ae</span> 
     </span>
     <span class='ocr_line' id='line_1_18' title="bbox 290 2012 1357 2077; baseline 0.001 -12"><span class='ocrx_word' id='word_1_163' title='bbox 290 2027 397 2065; x_wconf 79' lang='lat' dir='ltr'>uxorem</span> <span class='ocrx_word' id='word_1_164' title='bbox 413 2013 560 2075; x_wconf 88' lang='lat' dir='ltr'>ducturum,</span> <span class='ocrx_word' id='word_1_165' title='bbox 577 2026 647 2076; x_wconf 84' lang='lat' dir='ltr'>saepe</span> <span class='ocrx_word' id='word_1_166' title='bbox 666 2012 690 2069; x_wconf 84' lang='lat' dir='ltr'>ei</span> <span class='ocrx_word' id='word_1_167' title='bbox 703 2013 857 2075; x_wconf 74' lang='lat' dir='ltr'>promineret</span> <span class='ocrx_word' id='word_1_168' title='bbox 872 2014 1035 2077; x_wconf 86' lang='lat' dir='ltr'>Pamphilus,</span> <span class='ocrx_word' id='word_1_169' title='bbox 1053 2016 1202 2065; x_wconf 88' lang='lat' dir='ltr'>nonnullam</span> <span class='ocrx_word' id='word_1_170' title='bbox 1213 2016 1265 2065; x_wconf 88' lang='lat' dir='ltr'>sihi</span> <span class='ocrx_word' id='word_1_171' title='bbox 1276 2016 1308 2067; x_wconf 90' lang='lat' dir='ltr'>ab</span> <span class='ocrx_word' id='word_1_172' title='bbox 1324 2031 1357 2066; x_wconf 88' lang='lat' dir='ltr'>eo</span> 
     </span>
     <span class='ocr_line' id='line_1_19' title="bbox 290 2093 1356 2163; baseline 0.002 -19"><span class='ocrx_word' id='word_1_173' title='bbox 290 2094 386 2145; x_wconf 84' lang='lat' dir='ltr'>factam</span> <span class='ocrx_word' id='word_1_174' title='bbox 395 2094 512 2158; x_wconf 86' lang='lat' dir='ltr'>iujuriam</span> <span class='ocrx_word' id='word_1_175' title='bbox 520 2100 625 2157; x_wconf 87' lang='lat' dir='ltr'>putans,</span> <span class='ocrx_word' id='word_1_176' title='bbox 632 2093 713 2143; x_wconf 88' lang='lat' dir='ltr'>multo</span> <span class='ocrx_word' id='word_1_177' title='bbox 720 2094 745 2143; x_wconf 91' lang='lat' dir='ltr'>ei</span> <span class='ocrx_word' id='word_1_178' title='bbox 756 2095 933 2159; x_wconf 87' lang='lat' dir='ltr'>minus,quam</span> <span class='ocrx_word' id='word_1_179' title='bbox 942 2095 1050 2158; x_wconf 87' lang='lat' dir='ltr'>solebat,</span> <span class='ocrx_word' id='word_1_180' title='bbox 1058 2096 1160 2160; x_wconf 86' lang='lat' dir='ltr'>placida</span> <span class='ocrx_word' id='word_1_181' title='bbox 1170 2105 1200 2146; x_wconf 87' lang='lat' dir='ltr'>et</span> <span class='ocrx_word' id='word_1_182' title='bbox 1209 2094 1356 2163; x_wconf 68' lang='lat' dir='ltr'>obsequens</span> 
     </span>
     <span class='ocr_line' id='line_1_20' title="bbox 290 2171 1357 2239; baseline 0.002 -14"><span class='ocrx_word' id='word_1_183' title='bbox 290 2189 349 2225; x_wconf 90' lang='lat' dir='ltr'>esse</span> <span class='ocrx_word' id='word_1_184' title='bbox 369 2176 459 2238; x_wconf 78' lang='lat' dir='ltr'>coepit.</span> <span class='ocrx_word' id='word_1_185' title='bbox 491 2174 530 2224; x_wconf 79' lang='lat' dir='ltr'>Eo</span> <span class='ocrx_word' id='word_1_186' title='bbox 551 2171 718 2238; x_wconf 77' lang='lat' dir='ltr'>factumest,</span> <span class='ocrx_word' id='word_1_187' title='bbox 737 2174 935 2239; x_wconf 87' lang='lat' dir='ltr'>ntPamphllrrs</span> <span class='ocrx_word' id='word_1_188' title='bbox 954 2174 977 2223; x_wconf 87' lang='lat' dir='ltr'>ei</span> <span class='ocrx_word' id='word_1_189' title='bbox 996 2190 1025 2225; x_wconf 91' lang='lat' dir='ltr'>se</span> <span class='ocrx_word' id='word_1_190' title='bbox 1044 2176 1170 2239; x_wconf 88' lang='lat' dir='ltr'>paulatim</span> <span class='ocrx_word' id='word_1_191' title='bbox 1193 2176 1357 2239; x_wconf 79' lang='lat' dir='ltr'>subduxerit,</span> 
     </span>
    </p>
   </div>
   <div class='ocr_carea' id='block_1_4' title="bbox 228 2248 1358 4251">
    <p class='ocr_par' dir='ltr' id='par_1_4' title="bbox 228 2248 1358 4251">
     <span class='ocr_line' id='line_1_21' title="bbox 284 2248 1356 2321; baseline 0.003 -16"><span class='ocrx_word' id='word_1_192' title='bbox 284 2248 419 2321; x_wconf 86' lang='lat' dir='ltr'>¹quamque</span> <span class='ocrx_word' id='word_1_193' title='bbox 431 2254 502 2319; x_wconf 88' lang='lat' dir='ltr'>prlns</span> <span class='ocrx_word' id='word_1_194' title='bbox 514 2254 657 2319; x_wconf 72' lang='lat' dir='ltr'>spernebat</span> <span class='ocrx_word' id='word_1_195' title='bbox 667 2268 783 2312; x_wconf 86' lang='lat' dir='ltr'>uxorem,</span> <span class='ocrx_word' id='word_1_196' title='bbox 800 2256 857 2318; x_wconf 81' lang='lat' dir='ltr'>ejus</span> <span class='ocrx_word' id='word_1_197' title='bbox 868 2254 1002 2305; x_wconf 85' lang='lat' dir='ltr'>mirificum</span> <span class='ocrx_word' id='word_1_198' title='bbox 1012 2256 1139 2319; x_wconf 86' lang='lat' dir='ltr'>quendam</span> <span class='ocrx_word' id='word_1_199' title='bbox 1148 2271 1263 2307; x_wconf 87' lang='lat' dir='ltr'>amorem</span> <span class='ocrx_word' id='word_1_200' title='bbox 1272 2258 1356 2307; x_wconf 83' lang='lat' dir='ltr'>animo</span> 
     </span>
     <span class='ocr_line' id='line_1_22' title="bbox 292 2331 1354 2399; baseline -0.002 -12"><span class='ocrx_word' id='word_1_201' title='bbox 292 2336 452 2399; x_wconf 80' lang='lat' dir='ltr'>conceperit.</span> <span class='ocrx_word' id='word_1_202' title='bbox 484 2334 591 2383; x_wconf 87' lang='lat' dir='ltr'>Interea</span> <span class='ocrx_word' id='word_1_203' title='bbox 602 2331 724 2399; x_wconf 83' lang='lat' dir='ltr'>quiddam</span> <span class='ocrx_word' id='word_1_204' title='bbox 743 2334 848 2394; x_wconf 85' lang='lat' dir='ltr'>oceidit,</span> <span class='ocrx_word' id='word_1_205' title='bbox 857 2342 889 2382; x_wconf 89' lang='grc' dir='ltr'>ιιι</span> <span class='ocrx_word' id='word_1_206' title='bbox 899 2335 950 2381; x_wconf 91' lang='lat' dir='ltr'>iter</span> <span class='ocrx_word' id='word_1_207' title='bbox 962 2333 1097 2397; x_wconf 88' lang='lat' dir='ltr'>Pamphilo</span> <span class='ocrx_word' id='word_1_208' title='bbox 1107 2335 1133 2382; x_wconf 89' lang='lat' dir='ltr'>iu</span> <span class='ocrx_word' id='word_1_209' title='bbox 1144 2334 1261 2384; x_wconf 88' lang='lat' dir='ltr'>Imbrum</span> <span class='ocrx_word' id='word_1_210' title='bbox 1279 2345 1354 2385; x_wconf 85' lang='lat' dir='ltr'>esset.</span> 
     </span>
     <span class='ocr_line' id='line_1_23' title="bbox 291 2412 1355 2480; baseline -0.003 -11"><span class='ocrx_word' id='word_1_211' title='bbox 291 2414 420 2469; x_wconf 85' lang='lat' dir='ltr'>Profecto</span> <span class='ocrx_word' id='word_1_212' title='bbox 441 2428 482 2476; x_wconf 86' lang='lat' dir='ltr'>eo,</span> <span class='ocrx_word' id='word_1_213' title='bbox 504 2414 668 2476; x_wconf 87' lang='lat' dir='ltr'>Philumena,</span> <span class='ocrx_word' id='word_1_214' title='bbox 686 2426 744 2479; x_wconf 80' lang='lat' dir='ltr'>que</span> <span class='ocrx_word' id='word_1_215' title='bbox 769 2414 943 2464; x_wconf 73' lang='lat' dir='ltr'>intumescere</span> <span class='ocrx_word' id='word_1_216' title='bbox 962 2412 1009 2462; x_wconf 92' lang='lat' dir='ltr'>sibi</span> <span class='ocrx_word' id='word_1_217' title='bbox 1028 2421 1130 2464; x_wconf 88' lang='lat' dir='ltr'>uterum</span> <span class='ocrx_word' id='word_1_218' title='bbox 1159 2416 1281 2480; x_wconf 88' lang='lat' dir='ltr'>sentiret,</span> <span class='ocrx_word' id='word_1_219' title='bbox 1299 2430 1355 2467; x_wconf 82' lang='lat' dir='ltr'>cun</span> 
     </span>
     <span class='ocr_line' id='line_1_24' title="bbox 289 2492 1355 2558; baseline -0.001 -10"><span class='ocrx_word' id='word_1_220' title='bbox 289 2499 406 2558; x_wconf 88' lang='lat' dir='ltr'>aliorum,</span> <span class='ocrx_word' id='word_1_221' title='bbox 417 2503 471 2546; x_wconf 87' lang='lat' dir='ltr'>turn</span> <span class='ocrx_word' id='word_1_222' title='bbox 482 2509 571 2545; x_wconf 89' lang='lat' dir='ltr'>socrus</span> <span class='ocrx_word' id='word_1_223' title='bbox 586 2494 702 2558; x_wconf 87' lang='lat' dir='ltr'>inprimis</span> <span class='ocrx_word' id='word_1_224' title='bbox 722 2508 777 2544; x_wconf 84' lang='lat' dir='ltr'>sure</span> <span class='ocrx_word' id='word_1_225' title='bbox 793 2502 960 2557; x_wconf 88' lang='lat' dir='ltr'>conspectum</span> <span class='ocrx_word' id='word_1_226' title='bbox 979 2492 1135 2558; x_wconf 85' lang='lat' dir='ltr'>rel&#39;oglebat.</span> <span class='ocrx_word' id='word_1_227' title='bbox 1165 2495 1282 2546; x_wconf 82' lang='lat' dir='ltr'>&#39;l&#39;andem</span> <span class='ocrx_word' id='word_1_228' title='bbox 1298 2512 1355 2546; x_wconf 76' lang='lat' dir='ltr'>con</span> 
     </span>
     <span class='ocr_line' id='line_1_25' title="bbox 290 2575 1357 2642; baseline -0.001 -15"><span class='ocrx_word' id='word_1_229' title='bbox 290 2579 317 2628; x_wconf 90' lang='lat' dir='ltr'>iu</span> <span class='ocrx_word' id='word_1_230' title='bbox 335 2591 367 2626; x_wconf 87' lang='lat' dir='ltr'>eo</span> <span class='ocrx_word' id='word_1_231' title='bbox 378 2585 457 2640; x_wconf 90' lang='lat' dir='ltr'>esset,</span> <span class='ocrx_word' id='word_1_232' title='bbox 474 2583 504 2626; x_wconf 87' lang='lat' dir='ltr'>ut</span> <span class='ocrx_word' id='word_1_233' title='bbox 514 2575 601 2625; x_wconf 86' lang='lat' dir='ltr'>celare</span> <span class='ocrx_word' id='word_1_234' title='bbox 618 2575 663 2624; x_wconf 83' lang='lat' dir='ltr'>rix</span> <span class='ocrx_word' id='word_1_235' title='bbox 674 2589 750 2637; x_wconf 78' lang='lat' dir='ltr'>posse</span> <span class='ocrx_word' id='word_1_236' title='bbox 768 2575 878 2640; x_wconf 91' lang='lat' dir='ltr'>amplius</span> <span class='ocrx_word' id='word_1_237' title='bbox 895 2575 1036 2636; x_wconf 82' lang='lat' dir='ltr'>rideretur,</span> <span class='ocrx_word' id='word_1_238' title='bbox 1052 2583 1137 2625; x_wconf 89' lang='lat' dir='ltr'>eumta</span> <span class='ocrx_word' id='word_1_239' title='bbox 1146 2576 1295 2638; x_wconf 86' lang='lat' dir='ltr'>occasione,</span> <span class='ocrx_word' id='word_1_240' title='bbox 1311 2591 1357 2642; x_wconf 83' lang='lat' dir='ltr'>per</span> 
     </span>
     <span class='ocr_line' id='line_1_26' title="bbox 289 2653 1356 2727; baseline -0.001 -19"><span class='ocrx_word' id='word_1_241' title='bbox 289 2657 451 2708; x_wconf 82' lang='lat' dir='ltr'>sacrificandl</span> <span class='ocrx_word' id='word_1_242' title='bbox 460 2653 623 2719; x_wconf 84' lang='lat' dir='ltr'>speciem,ad</span> <span class='ocrx_word' id='word_1_243' title='bbox 631 2661 738 2704; x_wconf 85' lang='lat' dir='ltr'>matrem</span> <span class='ocrx_word' id='word_1_244' title='bbox 751 2668 788 2713; x_wconf 86' lang='lat' dir='ltr'>se,</span> <span class='ocrx_word' id='word_1_245' title='bbox 797 2669 873 2704; x_wconf 91' lang='lat' dir='ltr'>uuam</span> <span class='ocrx_word' id='word_1_246' title='bbox 882 2654 994 2705; x_wconf 87' lang='lat' dir='ltr'>omnium</span> <span class='ocrx_word' id='word_1_247' title='bbox 1006 2669 1089 2704; x_wconf 88' lang='lat' dir='ltr'>rerum</span> <span class='ocrx_word' id='word_1_248' title='bbox 1101 2655 1356 2727; x_wconf 73' lang='lat' dir='ltr'>wamiam,coufer&#39;t.</span> 
     </span>
     <span class='ocr_line' id='line_1_27' title="bbox 228 2733 1354 2802; baseline -0.002 -13"><span class='ocrx_word' id='word_1_249' title='bbox 228 2776 231 2788; x_wconf 81' lang='lat'>.</span> <span class='ocrx_word' id='word_1_250' title='bbox 291 2739 359 2789; x_wconf 89' lang='lat' dir='ltr'>Post</span> <span class='ocrx_word' id='word_1_251' title='bbox 368 2736 423 2787; x_wconf 90' lang='lat' dir='ltr'>dies</span> <span class='ocrx_word' id='word_1_252' title='bbox 440 2734 627 2800; x_wconf 86' lang='lat' dir='ltr'>complusculos</span> <span class='ocrx_word' id='word_1_253' title='bbox 644 2733 723 2783; x_wconf 90' lang='lat' dir='ltr'>mittit</span> <span class='ocrx_word' id='word_1_254' title='bbox 735 2735 865 2796; x_wconf 86' lang='lat' dir='ltr'>Sostrata,</span> <span class='ocrx_word' id='word_1_255' title='bbox 881 2735 925 2800; x_wconf 92' lang='lat' dir='ltr'>qui</span> <span class='ocrx_word' id='word_1_256' title='bbox 937 2750 994 2785; x_wconf 87' lang='lat' dir='ltr'>curu</span> <span class='ocrx_word' id='word_1_257' title='bbox 1006 2743 1177 2786; x_wconf 86' lang='lat' dir='ltr'>arcesserent.</span> <span class='ocrx_word' id='word_1_258' title='bbox 1206 2737 1354 2802; x_wconf 81' lang='lat' dir='ltr'>Responde-</span> 
     </span>
     <span class='ocr_line' id='line_1_28' title="bbox 292 2815 1355 2882; baseline -0.002 -13"><span class='ocrx_word' id='word_1_259' title='bbox 292 2825 344 2882; x_wconf 88' lang='lat' dir='ltr'>tur,</span> <span class='ocrx_word' id='word_1_260' title='bbox 364 2825 488 2880; x_wconf 72' lang='lat' dir='ltr'>egrotum</span> <span class='ocrx_word' id='word_1_261' title='bbox 508 2830 571 2866; x_wconf 90' lang='lat' dir='ltr'>esse.</span> <span class='ocrx_word' id='word_1_262' title='bbox 604 2815 640 2872; x_wconf 84' lang='lat' dir='ltr'>lt,</span> <span class='ocrx_word' id='word_1_263' title='bbox 656 2821 685 2864; x_wconf 81' lang='grc' dir='ltr'>οι</span> <span class='ocrx_word' id='word_1_264' title='bbox 696 2828 752 2864; x_wconf 85' lang='lat' dir='ltr'>eum</span> <span class='ocrx_word' id='word_1_265' title='bbox 763 2815 854 2864; x_wconf 87' lang='lat' dir='ltr'>saltem</span> <span class='ocrx_word' id='word_1_266' title='bbox 867 2817 978 2864; x_wconf 83' lang='lat' dir='ltr'>vireret:</span> <span class='ocrx_word' id='word_1_267' title='bbox 995 2830 1047 2864; x_wconf 89' lang='lat' dir='ltr'>nou</span> <span class='ocrx_word' id='word_1_268' title='bbox 1067 2816 1223 2867; x_wconf 85' lang='lat' dir='ltr'>admittitur.</span> <span class='ocrx_word' id='word_1_269' title='bbox 1257 2817 1355 2867; x_wconf 76' lang='lat' dir='ltr'>Laeter</span> 
     </span>
     <span class='ocr_line' id='line_1_29' title="bbox 292 2894 1358 2959; baseline -0.003 -9"><span class='ocrx_word' id='word_1_270' title='bbox 292 2912 413 2950; x_wconf 85' lang='lat' dir='ltr'>accusare</span> <span class='ocrx_word' id='word_1_271' title='bbox 425 2909 540 2956; x_wconf 79' lang='lat' dir='ltr'>uxorem,</span> <span class='ocrx_word' id='word_1_272' title='bbox 552 2902 580 2945; x_wconf 88' lang='lat' dir='ltr'>et</span> <span class='ocrx_word' id='word_1_273' title='bbox 589 2895 687 2949; x_wconf 86' lang='lat' dir='ltr'>dicere,</span> <span class='ocrx_word' id='word_1_274' title='bbox 702 2894 759 2944; x_wconf 78' lang='lat' dir='ltr'>haec</span> <span class='ocrx_word' id='word_1_275' title='bbox 769 2896 855 2944; x_wconf 87' lang='lat' dir='ltr'>urnula</span> <span class='ocrx_word' id='word_1_276' title='bbox 866 2894 933 2944; x_wconf 85' lang='lat' dir='ltr'>illine</span> <span class='ocrx_word' id='word_1_277' title='bbox 945 2896 1023 2958; x_wconf 85' lang='lat' dir='ltr'>calpa</span> <span class='ocrx_word' id='word_1_278' title='bbox 1033 2896 1194 2959; x_wconf 86' lang='lat' dir='ltr'>contingere.</span> <span class='ocrx_word' id='word_1_279' title='bbox 1228 2897 1282 2947; x_wconf 85' lang='lat' dir='ltr'>lile</span> <span class='ocrx_word' id='word_1_280' title='bbox 1297 2911 1358 2947; x_wconf 85' lang='lat' dir='ltr'>con·</span> 
     </span>
     <span class='ocr_line' id='line_1_30' title="bbox 291 2972 1356 3042; baseline -0.005 -12"><span class='ocrx_word' id='word_1_281' title='bbox 291 2988 333 3030; x_wconf 87' lang='lat' dir='ltr'>tra</span> <span class='ocrx_word' id='word_1_282' title='bbox 352 2991 477 3029; x_wconf 75' lang='lat' dir='ltr'>excusare</span> <span class='ocrx_word' id='word_1_283' title='bbox 491 2989 528 3037; x_wconf 87' lang='lat' dir='ltr'>se,</span> <span class='ocrx_word' id='word_1_284' title='bbox 545 2981 573 3025; x_wconf 90' lang='lat' dir='ltr'>et</span> <span class='ocrx_word' id='word_1_285' title='bbox 588 2975 689 3038; x_wconf 89' lang='lat' dir='ltr'>culpam</span> <span class='ocrx_word' id='word_1_286' title='bbox 709 2972 863 3038; x_wconf 81' lang='lat' dir='ltr'>deprecari:</span> <span class='ocrx_word' id='word_1_287' title='bbox 880 2975 972 3025; x_wconf 85' lang='lat' dir='ltr'>nullius</span> <span class='ocrx_word' id='word_1_288' title='bbox 989 2989 1017 3024; x_wconf 90' lang='lat' dir='ltr'>se</span> <span class='ocrx_word' id='word_1_289' title='bbox 1031 2976 1067 3026; x_wconf 90' lang='lat' dir='ltr'>rei</span> <span class='ocrx_word' id='word_1_290' title='bbox 1078 2977 1206 3026; x_wconf 89' lang='lat' dir='ltr'>consciam</span> <span class='ocrx_word' id='word_1_291' title='bbox 1225 2993 1294 3042; x_wconf 84' lang='lat' dir='ltr'>ease,</span> <span class='ocrx_word' id='word_1_292' title='bbox 1310 2991 1356 3028; x_wconf 80' lang='lat' dir='ltr'>aar</span> 
     </span>
     <span class='ocr_line' id='line_1_31' title="bbox 292 3054 1356 3122; baseline -0.004 -12"><span class='ocrx_word' id='word_1_293' title='bbox 292 3073 338 3110; x_wconf 86' lang='lat' dir='ltr'>sua</span> <span class='ocrx_word' id='word_1_294' title='bbox 348 3057 508 3108; x_wconf 85' lang='lat' dir='ltr'>cousuetudo</span> <span class='ocrx_word' id='word_1_295' title='bbox 520 3057 596 3106; x_wconf 88' lang='lat' dir='ltr'>nurui</span> <span class='ocrx_word' id='word_1_296' title='bbox 612 3055 699 3106; x_wconf 91' lang='lat' dir='ltr'>odlosa</span> <span class='ocrx_word' id='word_1_297' title='bbox 711 3069 769 3104; x_wconf 89' lang='lat' dir='ltr'>esse</span> <span class='ocrx_word' id='word_1_298' title='bbox 786 3054 891 3105; x_wconf 87' lang='lat' dir='ltr'>debeat.</span> <span class='ocrx_word' id='word_1_299' title='bbox 924 3055 1029 3106; x_wconf 87' lang='lat' dir='ltr'>Interea</span> <span class='ocrx_word' id='word_1_300' title='bbox 1047 3056 1125 3106; x_wconf 89' lang='lat' dir='ltr'>rediit</span> <span class='ocrx_word' id='word_1_301' title='bbox 1136 3058 1302 3122; x_wconf 80' lang='lat' dir='ltr'>Pamphilus,</span> <span class='ocrx_word' id='word_1_302' title='bbox 1318 3067 1356 3107; x_wconf 88' lang='lat' dir='ltr'>ut·</span> 
     </span>
     <span class='ocr_line' id='line_1_32' title="bbox 291 3134 1356 3204; baseline -0.001 -15"><span class='ocrx_word' id='word_1_303' title='bbox 291 3153 342 3204; x_wconf 91' lang='lat' dir='ltr'>que</span> <span class='ocrx_word' id='word_1_304' title='bbox 353 3139 389 3188; x_wconf 81' lang='lat' dir='ltr'>ito</span> <span class='ocrx_word' id='word_1_305' title='bbox 399 3151 454 3187; x_wconf 91' lang='lat' dir='ltr'>sors</span> <span class='ocrx_word' id='word_1_306' title='bbox 475 3137 545 3198; x_wconf 89' lang='lat' dir='ltr'>tulit,</span> <span class='ocrx_word' id='word_1_307' title='bbox 562 3144 591 3184; x_wconf 89' lang='lat' dir='ltr'>ut</span> <span class='ocrx_word' id='word_1_308' title='bbox 601 3150 651 3200; x_wconf 86' lang='lat' dir='ltr'>quo</span> <span class='ocrx_word' id='word_1_309' title='bbox 667 3135 710 3186; x_wconf 91' lang='lat' dir='ltr'>die</span> <span class='ocrx_word' id='word_1_310' title='bbox 728 3135 787 3198; x_wconf 90' lang='lat' dir='ltr'>ipse</span> <span class='ocrx_word' id='word_1_311' title='bbox 798 3134 915 3203; x_wconf 80' lang='lat' dir='ltr'>Athenas</span> <span class='ocrx_word' id='word_1_312' title='bbox 934 3136 1046 3200; x_wconf 85' lang='lat' dir='ltr'>appulit,</span> <span class='ocrx_word' id='word_1_313' title='bbox 1062 3151 1096 3187; x_wconf 92' lang='lat' dir='ltr'>eo</span> <span class='ocrx_word' id='word_1_314' title='bbox 1114 3136 1184 3201; x_wconf 87' lang='lat' dir='ltr'>ipso,</span> <span class='ocrx_word' id='word_1_315' title='bbox 1202 3137 1356 3188; x_wconf 86' lang='lat' dir='ltr'>Philumena</span> 
     </span>
     <span class='ocr_line' id='line_1_33' title="bbox 291 3215 1354 3283; baseline -0.001 -14"><span class='ocrx_word' id='word_1_316' title='bbox 291 3227 370 3283; x_wconf 85' lang='lat' dir='ltr'>partu</span> <span class='ocrx_word' id='word_1_317' title='bbox 381 3220 520 3267; x_wconf 82' lang='lat' dir='ltr'>leuaretur.</span> <span class='ocrx_word' id='word_1_318' title='bbox 554 3216 618 3265; x_wconf 87' lang='lat' dir='ltr'>Cum</span> <span class='ocrx_word' id='word_1_319' title='bbox 630 3215 718 3280; x_wconf 85' lang='lat' dir='ltr'>igitur,</span> <span class='ocrx_word' id='word_1_320' title='bbox 736 3215 840 3265; x_wconf 86' lang='lat' dir='ltr'>videndi</span> <span class='ocrx_word' id='word_1_321' title='bbox 859 3215 977 3278; x_wconf 91' lang='lat' dir='ltr'>cupidus,</span> <span class='ocrx_word' id='word_1_322' title='bbox 992 3215 1131 3282; x_wconf 73' lang='lat' dir='ltr'>(egrotare</span> <span class='ocrx_word' id='word_1_323' title='bbox 1154 3219 1224 3266; x_wconf 85' lang='lat' dir='ltr'>enisu</span> <span class='ocrx_word' id='word_1_324' title='bbox 1247 3231 1354 3282; x_wconf 82' lang='lat' dir='ltr'>aecepe-</span> 
     </span>
     <span class='ocr_line' id='line_1_34' title="bbox 255 3287 1354 3361; baseline -0.002 -12"><span class='ocrx_word' id='word_1_325' title='bbox 255 3287 262 3304; x_wconf 83' lang='lat'><em>&#39;</em></span> <span class='ocrx_word' id='word_1_326' title='bbox 291 3307 344 3361; x_wconf 91' lang='lat' dir='ltr'>rat,</span> <span class='ocrx_word' id='word_1_327' title='bbox 359 3304 388 3348; x_wconf 90' lang='lat' dir='ltr'>et</span> <span class='ocrx_word' id='word_1_328' title='bbox 398 3294 436 3348; x_wconf 88' lang='lat' dir='ltr'>ita</span> <span class='ocrx_word' id='word_1_329' title='bbox 446 3297 556 3352; x_wconf 86' lang='lat' dir='ltr'>emebat,</span> <span class='ocrx_word' id='word_1_330' title='bbox 567 3303 597 3346; x_wconf 90' lang='grc' dir='ltr'>ιιι</span> <span class='ocrx_word' id='word_1_331' title='bbox 608 3295 652 3360; x_wconf 89' lang='lat' dir='ltr'>qui</span> <span class='ocrx_word' id='word_1_332' title='bbox 665 3293 908 3358; x_wconf 84' lang='lat' dir='ltr'>vehementissime,)</span> <span class='ocrx_word' id='word_1_333' title='bbox 921 3292 1006 3345; x_wconf 89' lang='lat' dir='ltr'>subito</span> <span class='ocrx_word' id='word_1_334' title='bbox 1023 3294 1056 3343; x_wconf 87' lang='lat' dir='ltr'>ad</span> <span class='ocrx_word' id='word_1_335' title='bbox 1068 3310 1123 3345; x_wconf 86' lang='lat' dir='ltr'>eenr</span> <span class='ocrx_word' id='word_1_336' title='bbox 1136 3295 1268 3359; x_wconf 86' lang='lat' dir='ltr'>ingressus</span> <span class='ocrx_word' id='word_1_337' title='bbox 1277 3307 1354 3360; x_wconf 85' lang='lat' dir='ltr'>esset,</span> 
     </span>
     <span class='ocr_line' id='line_1_35' title="bbox 291 3374 1353 3446; baseline -0.004 -16"><span class='ocrx_word' id='word_1_338' title='bbox 291 3381 424 3446; x_wconf 80' lang='lat' dir='ltr'>peperisse</span> <span class='ocrx_word' id='word_1_339' title='bbox 444 3376 624 3442; x_wconf 90' lang='lat' dir='ltr'>deprehendit.</span> <span class='ocrx_word' id='word_1_340' title='bbox 657 3374 698 3425; x_wconf 88' lang='lat' dir='ltr'>Ibi</span> <span class='ocrx_word' id='word_1_341' title='bbox 719 3389 779 3424; x_wconf 90' lang='lat' dir='ltr'>eum</span> <span class='ocrx_word' id='word_1_342' title='bbox 799 3375 934 3434; x_wconf 82' lang='lat' dir='ltr'>Myrrlrlua</span> <span class='ocrx_word' id='word_1_343' title='bbox 950 3381 1088 3426; x_wconf 84' lang='lat' dir='ltr'>exeuntem</span> <span class='ocrx_word' id='word_1_344' title='bbox 1108 3384 1258 3441; x_wconf 87' lang='lat' dir='ltr'>prosecuta,</span> <span class='ocrx_word' id='word_1_345' title='bbox 1273 3378 1353 3443; x_wconf 72' lang='lat' dir='ltr'>lacry-</span> 
     </span>
     <span class='ocr_line' id='line_1_36' title="bbox 290 3456 1354 3526; baseline -0.005 -13"><span class='ocrx_word' id='word_1_346' title='bbox 290 3475 371 3526; x_wconf 86' lang='lat' dir='ltr'>mans,</span> <span class='ocrx_word' id='word_1_347' title='bbox 380 3460 506 3511; x_wconf 87' lang='lat' dir='ltr'>obtestari</span> <span class='ocrx_word' id='word_1_348' title='bbox 517 3458 607 3522; x_wconf 80' lang='lat' dir='ltr'>erepit,</span> <span class='ocrx_word' id='word_1_349' title='bbox 616 3457 719 3522; x_wconf 83' lang='lat' dir='ltr'>quaudo</span> <span class='ocrx_word' id='word_1_350' title='bbox 729 3469 762 3506; x_wconf 91' lang='lat' dir='ltr'>ee</span> <span class='ocrx_word' id='word_1_351' title='bbox 773 3469 814 3506; x_wconf 88' lang='lat' dir='ltr'>res</span> <span class='ocrx_word' id='word_1_352' title='bbox 825 3456 887 3505; x_wconf 93' lang='lat' dir='ltr'>uihil</span> <span class='ocrx_word' id='word_1_353' title='bbox 898 3456 948 3520; x_wconf 91' lang='lat' dir='ltr'>ipsi</span> <span class='ocrx_word' id='word_1_354' title='bbox 959 3456 1077 3506; x_wconf 87' lang='lat' dir='ltr'>nocitura</span> <span class='ocrx_word' id='word_1_355' title='bbox 1085 3462 1165 3519; x_wconf 86' lang='lat' dir='ltr'>esset,</span> <span class='ocrx_word' id='word_1_356' title='bbox 1175 3469 1209 3514; x_wconf 84' lang='lat' dir='ltr'>ue</span> <span class='ocrx_word' id='word_1_357' title='bbox 1225 3459 1354 3522; x_wconf 83' lang='lat' dir='ltr'>reciperet</span> 
     </span>
     <span class='ocr_line' id='line_1_37' title="bbox 290 3536 1353 3608; baseline -0.003 -16"><span class='ocrx_word' id='word_1_358' title='bbox 290 3541 394 3608; x_wconf 89' lang='lat' dir='ltr'>quideru</span> <span class='ocrx_word' id='word_1_359' title='bbox 411 3553 525 3600; x_wconf 88' lang='lat' dir='ltr'>uxorem,</span> <span class='ocrx_word' id='word_1_360' title='bbox 539 3539 561 3588; x_wconf 91' lang='lat' dir='ltr'>si</span> <span class='ocrx_word' id='word_1_361' title='bbox 580 3539 617 3587; x_wconf 87' lang='lat' dir='ltr'>itu</span> <span class='ocrx_word' id='word_1_362' title='bbox 629 3537 778 3599; x_wconf 85' lang='lat' dir='ltr'>rideretur;</span> <span class='ocrx_word' id='word_1_363' title='bbox 797 3537 844 3588; x_wconf 94' lang='lat' dir='ltr'>sed</span> <span class='ocrx_word' id='word_1_364' title='bbox 861 3545 947 3588; x_wconf 86' lang='lat' dir='ltr'>tamen</span> <span class='ocrx_word' id='word_1_365' title='bbox 966 3549 999 3588; x_wconf 85' lang='lat' dir='ltr'>nu</span> <span class='ocrx_word' id='word_1_366' title='bbox 1014 3536 1110 3588; x_wconf 76' lang='grc' dir='ltr'>ἡιιιιοι</span> <span class='ocrx_word' id='word_1_367' title='bbox 1131 3537 1201 3586; x_wconf 86' lang='lat' dir='ltr'>illius</span> <span class='ocrx_word' id='word_1_368' title='bbox 1220 3541 1353 3603; x_wconf 81' lang='lat' dir='ltr'>proderet.</span> 
     </span>
     <span class='ocr_line' id='line_1_38' title="bbox 291 3617 1352 3686; baseline -0.004 -12"><span class='ocrx_word' id='word_1_369' title='bbox 291 3623 334 3674; x_wconf 87' lang='lat' dir='ltr'>Ita</span> <span class='ocrx_word' id='word_1_370' title='bbox 344 3637 372 3672; x_wconf 87' lang='lat' dir='ltr'>se</span> <span class='ocrx_word' id='word_1_371' title='bbox 381 3619 510 3672; x_wconf 79' lang='lat' dir='ltr'>facturum</span> <span class='ocrx_word' id='word_1_372' title='bbox 526 3618 628 3682; x_wconf 82' lang='lat' dir='ltr'>recipit·</span> <span class='ocrx_word' id='word_1_373' title='bbox 661 3617 724 3668; x_wconf 84' lang='lat' dir='ltr'>cum</span> <span class='ocrx_word' id='word_1_374' title='bbox 733 3617 814 3682; x_wconf 88' lang='lat' dir='ltr'>igitur</span> <span class='ocrx_word' id='word_1_375' title='bbox 829 3633 912 3682; x_wconf 88' lang='lat' dir='ltr'>neque</span> <span class='ocrx_word' id='word_1_376' title='bbox 923 3618 1006 3669; x_wconf 72' lang='lat' dir='ltr'>vellet</span> <span class='ocrx_word' id='word_1_377' title='bbox 1014 3633 1117 3668; x_wconf 76' lang='lat' dir='ltr'>naaman</span> <span class='ocrx_word' id='word_1_378' title='bbox 1127 3619 1258 3684; x_wconf 83' lang='lat' dir='ltr'>recipere,</span> <span class='ocrx_word' id='word_1_379' title='bbox 1269 3635 1352 3686; x_wconf 85' lang='lat' dir='ltr'>neque</span> 
     </span>
     <span class='ocr_line' id='line_1_39' title="bbox 293 3697 1352 3771; baseline -0.004 -17"><span class='ocrx_word' id='word_1_380' title='bbox 293 3717 393 3754; x_wconf 87' lang='lat' dir='ltr'>rursum</span> <span class='ocrx_word' id='word_1_381' title='bbox 405 3715 490 3751; x_wconf 87' lang='lat' dir='ltr'>veram</span> <span class='ocrx_word' id='word_1_382' title='bbox 502 3697 606 3750; x_wconf 83' lang='lat' dir='ltr'>aderrct</span> <span class='ocrx_word' id='word_1_383' title='bbox 620 3713 741 3760; x_wconf 71' lang='lat' dir='ltr'>cansam</span> <span class='ocrx_word' id='word_1_384' title='bbox 758 3698 884 3762; x_wconf 86' lang='lat' dir='ltr'>suspicati</span> <span class='ocrx_word' id='word_1_385' title='bbox 901 3706 961 3748; x_wconf 90' lang='lat' dir='ltr'>sunt</span> <span class='ocrx_word' id='word_1_386' title='bbox 979 3712 1063 3761; x_wconf 75' lang='lat' dir='ltr'>moes,</span> <span class='ocrx_word' id='word_1_387' title='bbox 1071 3714 1140 3771; x_wconf 23' lang='lat' dir='ltr'>&#39;eum</span> <span class='ocrx_word' id='word_1_388' title='bbox 1152 3700 1294 3750; x_wconf 84' lang='lat' dir='ltr'>Bacchidis</span> <span class='ocrx_word' id='word_1_389' title='bbox 1310 3700 1352 3750; x_wconf 87' lang='lat' dir='ltr'>ad·</span> 
     </span>
     <span class='ocr_line' id='line_1_40' title="bbox 291 3778 1352 3844; baseline -0.005 -10"><span class='ocrx_word' id='word_1_390' title='bbox 291 3783 440 3834; x_wconf 83' lang='lat' dir='ltr'>hocerrore</span> <span class='ocrx_word' id='word_1_391' title='bbox 456 3779 619 3844; x_wconf 86' lang='lat' dir='ltr'>impeditum,</span> <span class='ocrx_word' id='word_1_392' title='bbox 635 3793 667 3829; x_wconf 91' lang='lat' dir='ltr'>ea</span> <span class='ocrx_word' id='word_1_393' title='bbox 683 3779 716 3829; x_wconf 87' lang='lat' dir='ltr'>de</span> <span class='ocrx_word' id='word_1_394' title='bbox 729 3793 804 3829; x_wconf 80' lang='lat' dir='ltr'>caum</span> <span class='ocrx_word' id='word_1_395' title='bbox 821 3779 854 3829; x_wconf 91' lang='lat' dir='ltr'>ah</span> <span class='ocrx_word' id='word_1_396' title='bbox 866 3793 946 3828; x_wconf 82' lang='lat' dir='ltr'>uxore</span> <span class='ocrx_word' id='word_1_397' title='bbox 957 3779 1104 3830; x_wconf 86' lang='lat' dir='ltr'>abhorrere.</span> <span class='ocrx_word' id='word_1_398' title='bbox 1136 3778 1296 3830; x_wconf 76' lang='lat' dir='ltr'>Arcessitam</span> <span class='ocrx_word' id='word_1_399' title='bbox 1307 3781 1352 3829; x_wconf 87' lang='lat' dir='ltr'>ita·</span> 
     </span>
     <span class='ocr_line' id='line_1_41' title="bbox 293 3859 1352 3928; baseline -0.006 -14"><span class='ocrx_word' id='word_1_400' title='bbox 293 3877 343 3928; x_wconf 92' lang='lat' dir='ltr'>que</span> <span class='ocrx_word' id='word_1_401' title='bbox 354 3861 511 3914; x_wconf 84' lang='lat' dir='ltr'>Bacchidem</span> <span class='ocrx_word' id='word_1_402' title='bbox 530 3860 651 3924; x_wconf 87' lang='lat' dir='ltr'>objurgat</span> <span class='ocrx_word' id='word_1_403' title='bbox 666 3859 820 3922; x_wconf 87' lang='lat' dir='ltr'>Phidippus.</span> <span class='ocrx_word' id='word_1_404' title='bbox 854 3861 901 3917; x_wconf 81' lang='lat' dir='ltr'>Ea,</span> <span class='ocrx_word' id='word_1_405' title='bbox 912 3874 970 3910; x_wconf 90' lang='lat' dir='ltr'>cnm</span> <span class='ocrx_word' id='word_1_406' title='bbox 988 3875 1016 3910; x_wconf 84' lang='lat' dir='ltr'>ue</span> <span class='ocrx_word' id='word_1_407' title='bbox 1028 3861 1071 3910; x_wconf 89' lang='lat' dir='ltr'>ille</span> <span class='ocrx_word' id='word_1_408' title='bbox 1083 3868 1228 3924; x_wconf 74' lang='lat' dir='ltr'>purgasset,</span> <span class='ocrx_word' id='word_1_409' title='bbox 1245 3861 1352 3924; x_wconf 85' lang='lat' dir='ltr'>jubetur</span> 
     </span>
     <span class='ocr_line' id='line_1_42' title="bbox 293 3939 1349 4006; baseline -0.002 -14"><span class='ocrx_word' id='word_1_410' title='bbox 293 3945 326 3992; x_wconf 88' lang='lat' dir='ltr'>ad</span> <span class='ocrx_word' id='word_1_411' title='bbox 336 3945 457 3994; x_wconf 85' lang='lat' dir='ltr'>mulieres</span> <span class='ocrx_word' id='word_1_412' title='bbox 469 3940 579 4006; x_wconf 75' lang='lat' dir='ltr'>ingredi,</span> <span class='ocrx_word' id='word_1_413' title='bbox 589 3947 617 3990; x_wconf 88' lang='lat' dir='ltr'>et</span> <span class='ocrx_word' id='word_1_414' title='bbox 627 3941 664 3990; x_wconf 88' lang='lat' dir='ltr'>eis</span> <span class='ocrx_word' id='word_1_415' title='bbox 675 3954 776 4006; x_wconf 88' lang='lat' dir='ltr'>quoquc</span> <span class='ocrx_word' id='word_1_416' title='bbox 788 3941 857 3990; x_wconf 89' lang='lat' dir='ltr'>illam</span> <span class='ocrx_word' id='word_1_417' title='bbox 869 3941 1039 4004; x_wconf 77' lang='lat' dir='ltr'>suspicionem</span> <span class='ocrx_word' id='word_1_418' title='bbox 1051 3941 1174 3991; x_wconf 88' lang='lat' dir='ltr'>adimere.</span> <span class='ocrx_word' id='word_1_419' title='bbox 1197 3939 1349 4004; x_wconf 73' lang='lat' dir='ltr'>Ingreditur,</span> 
     </span>
     <span class='ocr_line' id='line_1_43' title="bbox 293 4020 1351 4086; baseline -0.004 -14"><span class='ocrx_word' id='word_1_420' title='bbox 293 4024 414 4073; x_wconf 88' lang='lat' dir='ltr'>annulum</span> <span class='ocrx_word' id='word_1_421' title='bbox 432 4021 529 4074; x_wconf 89' lang='lat' dir='ltr'>lraheas</span> <span class='ocrx_word' id='word_1_422' title='bbox 545 4023 571 4072; x_wconf 89' lang='lat' dir='ltr'>in</span> <span class='ocrx_word' id='word_1_423' title='bbox 591 4021 681 4086; x_wconf 90' lang='lat' dir='ltr'>digito,</span> <span class='ocrx_word' id='word_1_424' title='bbox 701 4035 777 4086; x_wconf 89' lang='lat' dir='ltr'>quem</span> <span class='ocrx_word' id='word_1_425' title='bbox 795 4021 855 4072; x_wconf 91' lang='lat' dir='ltr'>olim</span> <span class='ocrx_word' id='word_1_426' title='bbox 868 4023 1026 4072; x_wconf 80' lang='lat' dir='ltr'>Philumene</span> <span class='ocrx_word' id='word_1_427' title='bbox 1039 4028 1168 4086; x_wconf 85' lang='lat' dir='ltr'>ereptum,</span> <span class='ocrx_word' id='word_1_428' title='bbox 1184 4020 1235 4070; x_wconf 91' lang='lat' dir='ltr'>sibi</span> <span class='ocrx_word' id='word_1_429' title='bbox 1247 4021 1351 4072; x_wconf 84' lang='lat' dir='ltr'>dederat</span> 
     </span>
     <span class='ocr_line' id='line_1_44' title="bbox 293 4099 1352 4168; baseline -0.001 -15"><span class='ocrx_word' id='word_1_430' title='bbox 293 4104 451 4168; x_wconf 88' lang='lat' dir='ltr'>Pamphilus.</span> <span class='ocrx_word' id='word_1_431' title='bbox 485 4103 512 4152; x_wconf 89' lang='lat' dir='ltr'>la</span> <span class='ocrx_word' id='word_1_432' title='bbox 528 4103 633 4153; x_wconf 86' lang='lat' dir='ltr'>annulus</span> <span class='ocrx_word' id='word_1_433' title='bbox 645 4099 744 4164; x_wconf 80' lang='lat' dir='ltr'>effecit,</span> <span class='ocrx_word' id='word_1_434' title='bbox 763 4108 793 4151; x_wconf 91' lang='lat' dir='ltr'>nt</span> <span class='ocrx_word' id='word_1_435' title='bbox 804 4102 919 4155; x_wconf 84' lang='lat' dir='ltr'>vitiatam</span> <span class='ocrx_word' id='word_1_436' title='bbox 935 4115 993 4152; x_wconf 91' lang='lat' dir='ltr'>esse</span> <span class='ocrx_word' id='word_1_437' title='bbox 1003 4101 1037 4152; x_wconf 90' lang='lat' dir='ltr'>ab</span> <span class='ocrx_word' id='word_1_438' title='bbox 1053 4101 1109 4164; x_wconf 88' lang='lat' dir='ltr'>ipso</span> <span class='ocrx_word' id='word_1_439' title='bbox 1121 4099 1352 4164; x_wconf 80' lang='lat' dir='ltr'>PamphiloPhiln·</span> 
     </span>
     <span class='ocr_line' id='line_1_45' title="bbox 294 4179 1291 4251; baseline -0.002 -15"><span class='ocrx_word' id='word_1_440' title='bbox 294 4198 394 4236; x_wconf 86' lang='lat' dir='ltr'>menam</span> <span class='ocrx_word' id='word_1_441' title='bbox 405 4191 609 4251; x_wconf 83' lang='lat' dir='ltr'>cognosceretur.</span> <span class='ocrx_word' id='word_1_442' title='bbox 642 4183 728 4234; x_wconf 79' lang='lat' dir='ltr'>Laetus</span> <span class='ocrx_word' id='word_1_443' title='bbox 740 4179 890 4248; x_wconf 73' lang='lat' dir='ltr'>Pamphilus</span> <span class='ocrx_word' id='word_1_444' title='bbox 900 4189 928 4234; x_wconf 94' lang='lat' dir='ltr'>et</span> <span class='ocrx_word' id='word_1_445' title='bbox 938 4190 1045 4234; x_wconf 73' lang='lat' dir='ltr'>uxomm</span> <span class='ocrx_word' id='word_1_446' title='bbox 1055 4188 1083 4233; x_wconf 91' lang='lat' dir='ltr'>et</span> <span class='ocrx_word' id='word_1_447' title='bbox 1094 4180 1175 4232; x_wconf 81' lang='lat' dir='ltr'>filium</span> <span class='ocrx_word' id='word_1_448' title='bbox 1186 4179 1291 4246; x_wconf 82' lang='lat' dir='ltr'>recipit.</span> 
     </span>
    </p>
   </div>
   <div class='ocr_carea' id='block_1_5' title="bbox 0 0 1496 4900">
    <p class='ocr_par' dir='ltr' id='par_1_5' title="bbox 0 0 1496 4900">
     <span class='ocr_line' id='line_1_46' title="bbox 0 0 1496 4900; baseline 0 0"><span class='ocrx_word' id='word_1_449' title='bbox 0 0 1496 4900; x_wconf 95' lang='lat' dir='ltr'> </span> 
     </span>
    </p>
   </div>
  </div>
 </body>
</html>
