2984 4900
536 401 787 454 anonurrrra.
1149 389 1216 457 sla

116 541 236 612 dicitur,
254 559 314 602 non
326 537 471 622 producte
482 541 539 604 dri
552 555 603 606 rso
614 549 816 624 spumioprtr.
856 546 934 606 Nam
947 545 1076 608 officium
1090 546 1210 632 Prolupi

116 647 187 700 aute
201 637 368 698 actionem¹
390 638 509 717 quidem
521 641 561 700 rei
577 659 691 723 semper
701 651 763 702 est:
785 653 986 704 verumtamen
1003 655 1033 705 at
1046 631 1116 724 post
1129 646 1213 728 prin·

115 735 225 816 ulpium
239 733 359 795 Fabulae
379 734 537 810 inducitur,
557 748 591 797 ut
612 735 690 818 apud
709 739 847 800 Plautum
861 740 892 799 in
904 741 1001 803 Milite
1015 740 1164 816 Glorioso,
1178 751 1209 804 et

115 830 198 912 apud
211 842 325 898 ceteros
339 851 455 912 magum
470 833 652 896 auctoritatis
663 844 775 896 veteres
789 835 909 897 Poetae.

157 989 167 1022 ⁸
183 991 236 1043 hir.
246 993 301 1042 uste
311 995 403 1041 sarrat-
418 990 494 1054 lind.

220 1346 307 1396 AEblt
335 1347 475 1396 DQNA'l'l
498 1349 769 1404 secundorum
795 1349 835 1398 ΙΝ
861 1351 1125 1399 Pitotttttorttin.

116 1502 183 1554 (itm
202 1502 334 1566 Chremes,
356 1504 526 1568 Demiphonis
544 1502 636 1567 irater,
656 1504 736 1555 ascito
754 1505 803 1555 sibi
823 1506 857 1556 ad
877 1505 1007 1558 fallaciam
1027 1506 1139 1571 nominc,
1160 1521 1212 1571 quo

149 1583 310 1648 Stilphonem
330 1599 358 1635 ae
369 1585 421 1636 dici
432 1585 541 1648 lecerat,
555 1585 619 1636 duas
630 1585 721 1638 eodem
739 1592 857 1651 ternpore
873 1587 1006 1638 habuisset
1017 1601 1120 1649 uxores,
1132 1587 1214 1637 Atha·

149 1664 191 1715 nis
209 1664 330 1730 disitcm,
347 1681 488 1731 pauperem
506 1654 612 1729 Lemni3
628 1681 661 1717 ex
681 1667 762 1718 divite
779 1667 884 1718 sustulit
902 1667 992 1724 tilium,
1007 1669 1051 1732 qui
1068 1667 1155 1717 dictus
1171 1675 1214 1718 est

149 1745 290 1808 Pitndria3
306 1760 339 1795 es
351 1761 464 1811 paupere
479 1747 569 1797 furtim
581 1748 697 1812 suscepit
708 1755 788 1812 atquc
798 1747 920 1799 educavit
929 1748 1018 1810 liliam,
1029 1747 1156 1798 Phanium
1168 1762 1213 1798 no-

148 1827 229 1889 rnine,
245 1841 354 1892 eamque
370 1828 553 1880 consiliorum
571 1826 653 1878 fratrc
668 1828 756 1878 habito
771 1828 915 1879 destinarit
932 1828 986 1878 fiiio
1003 1829 1059 1892 ejus
1068 1827 1214 1892 Antiphoni

48 1906 50 1910 ’
150 1920 258 1958 naoreru
269 1907 341 1957 dare.
373 1907 473 1959 Quibus
490 1907 659 1973 complacitis,
674 1921 725 1957 uno
741 1912 858 1972 tempore
877 1905 990 1972 proiecti
1002 1905 1112 1957 Athenis
1128 1922 1216 1971 sanes,

149 1988 280 2053 Demipho
291 1989 317 2038 io
329 1988 455 2052 Ciliciam,
472 1989 594 2038 Chremes
604 1989 729 2038 Lamum
745 1988 778 2038 ad
795 1987 973 2038 arcessendam
983 1987 1071 2050 tiliam,
1087 2001 1145 2052 qne
1157 1988 1215 2052 jam

149 2069 221 2120 illinc
231 2083 290 2119 curn
301 2077 384 2119 matre
393 2071 568 2134 navigaverat,
578 2069 740 2120 occasionem
751 2067 880 2120 dederunt
887 2069 989 2118 amandi
999 2068 1215 2120 adolescentibus.

150 2149 221 2202 Nam
239 2148 327 2199 statim
338 2148 460 2199 Phaedria
476 2149 663 2200 citharistriam
681 2149 729 2200 sub
740 2149 833 2200 lenone
843 2151 923 2214 erepit
934 2149 1040 2200 ardere:
1058 2149 1173 2213 Antipho
1184 2149 1217 2198 ii·

149 2230 203 2280 lam
213 2227 291 2279 filiam
303 2229 389 2293 patrui
404 2229 530 2279 Phanium
542 2229 725 2293 desponsatam
736 2229 795 2288 sihi,
809 2231 927 2281 nesciens
935 2230 1104 2292 nescientem,
1113 2244 1173 2279 mox
1184 2235 1215 2278 ut
1273 2214 1278 2224 ’

150 2308 267 2361 Athenas
285 2309 367 2372 seuit,
388 2323 437 2360 nac
457 2318 558 2375 patrem
579 2312 686 2374 reperit,
701 2309 769 2360 falsa
787 2308 885 2375 duplici
901 2311 956 2375 ejus
972 2310 1085 2374 nomine,
1103 2317 1214 2360 matrem

149 2397 278 2463 mortuam
298 2391 360 2442 doru
379 2392 547 2457 lpmcntatur,
565 2390 711 2442 adamarit:
729 2392 886 2458 consilioque
903 2396 932 2441 et
946 2405 1028 2457 opera
1044 2390 1160 2456 parasiti,
1173 2404 1214 2440 se·

150 2472 265 2523 cundum
282 2474 353 2537 leges
365 2469 572 2535 Atheniensium,
589 2472 662 2537 quasi
681 2473 730 2523 sibi
750 2480 864 2538 cognata
880 2482 960 2537 esset,
978 2481 1098 2539 tauquam
1113 2472 1141 2521 in
1154 2472 1219 2536 jura

149 2553 236 2604 victua
254 2559 282 2604 et
293 2554 364 2603 seint
380 2561 495 2615 coactns,
510 2568 568 2605 eam
586 2554 690 2618 accepit
701 2567 807 2607 uxorem
823 2569 871 2618 per
886 2553 1027 2605 absentiam
1039 2553 1130 2618 patris.
1161 2552 1215 2603 Qui

149 2632 377 2697 cumadrcuissar,
392 2638 420 2684 et
429 2635 508 2685 veliet
520 2648 577 2685 eam
587 2635 737 2700 expellere:
756 2635 838 2700 primo
847 2633 994 2685 confutatur
1003 2648 1050 2700 per
1058 2633 1215 2699 impudenti·

148 2728 193 2763 am
206 2714 321 2776 parasiti.
355 2713 420 2765 Post
437 2729 494 2765 cum
511 2715 697 2767 subintretis
717 2716 858 2780 decipitur,
874 2724 914 2779 ut,
932 2715 992 2765 dum
1010 2730 1066 2765 eam
1080 2714 1164 2765 credit
1180 2714 1215 2766 ab

150 2793 303 2857 Antiphone
315 2806 392 2857 posse
408 2794 529 2858 disjnnpi,
545 2810 602 2845 eam
613 2795 741 2860 parasitus
753 2796 810 2859 ipsa
822 2795 900 2845 ducat
911 2809 1034 2855 uxorem3
1050 2800 1079 2844 et
1095 2794 1141 2845 det
1151 2792 1214 2844 duc-

150 2880 212 2925 turo
224 2886 292 2924 xxx.
303 2873 383 2924 misas
395 2875 547 2938 presenteis
558 2875 635 2935 dotis,
646 2875 738 2940 puella
750 2875 869 2935 nomine;
886 2889 948 2939 quas
959 2874 1082 2923 Phormio
1092 2880 1215 2937 acceptas

150 2954 283 3006 Pbmdriar
295 2952 384 3004 dedit:
401 2953 446 3005 ille
457 2954 542 3005 lenoni
553 2954 587 3006 ad
604 2954 792 3007 citharistriam
808 2955 993 3007 redimendam.
1024 2954 1124 3007 Quibus
1135 2959 1214 3021 gestis

151 3034 258 3087 taudem
280 3034 403 3085 Chremes
430 3035 546 3101 agnoscit
571 3034 649 3086 tiliam
674 3050 745 3086 suana
768 3036 935 3100 conjunctam
961 3050 1020 3085 esse
1043 3034 1131 3086 fratris
1151 3036 1213 3087 diio.

150 3114 243 3166 Quare
259 3113 320 3164 dum
336 3119 435 3166 mutato
452 3116 559 3166 consilio
572 3128 641 3167 xxx.
657 3116 739 3165 minas
755 3130 771 3165 a
787 3110 943 3166 Phormione
953 3130 1001 3180 per
1011 3115 1095 3164 rixam
1106 3125 1214 3165 conatos

150 3196 267 3259 exigere,
285 3210 332 3260 per
348 3196 457 3247 eundern
469 3196 588 3261 proditus
599 3198 673 3249 uxori
685 3212 739 3248 sure
753 3197 924 3248 Nausistrata
935 3204 992 3248 este
1008 3203 1045 3260 et,
1056 3194 1140 3246 factus
1155 3193 1213 3246 iibi-

151 3275 220 3327 dinis
236 3290 305 3339 reus,
322 3291 372 3326 uon
392 3278 565 3328 anteveniam
576 3278 670 3328 meruit
680 3292 697 3326 a
707 3275 911 3339 matrefamilias,
926 3292 1001 3341 quana
1011 3283 1041 3327 st
1051 3289 1121 3328 m.
1132 3276 1215 3327 mina·

150 3363 256 3407 runaut
276 3358 368 3407 sororia
388 3358 558 3408 citharistria
577 3359 676 3409 reniam
694 3359 812 3409 dedisset
828 3357 890 3410 tilio.
921 3357 1027 3409 Primus
1043 3364 1118 3407 actus
1133 3357 1212 3405 estin

150 3436 280 3503 colloquio
290 3437 358 3487 Dari
370 3446 396 3489 et
409 3438 500 3489 Getae:
519 3452 567 3502 par
582 3452 646 3503 quos
663 3437 740 3488 discit
751 3439 863 3503 populus
878 3443 1066 3502 argumentum.
1099 3434 1215 3489 Secundi

150 3525 226 3569 actus
245 3526 319 3570 terror
336 3520 452 3571 continet
470 3520 609 3569 adrentum
625 3519 700 3569 Senia
719 3519 906 3582 turbulentum,
923 3515 1085 3586 etsjosdem
1097 3516 1212 3580 jurgium

148 3600 273 3651 adsersus
285 3599 380 3651 Getam
397 3600 591 3650 etPhedriam.
622 3601 714 3653 Tertio
730 3600 801 3650 actui
818 3598 967 3649 attribuitur
977 3595 1173 3660 litigiumSeuis
1183 3604 1213 3646 at

148 3680 328 3731 Phormioniss
345 3686 400 3730 tum
418 3679 575 3729 consultatio
591 3694 649 3729 curu
661 3678 812 3729 advocatis:
830 3685 884 3726 tam
895 3674 1051 3741 Antiphonls
1066 3678 1092 3726 in
1108 3688 1213 3727 scenam

149 3762 261 3824 aeditus,
275 3762 481 3829 colloquiumque
497 3774 555 3811 cum
567 3758 653 3810 Geta:
669 3766 723 3809 tum
735 3757 835 3807 lenonis
852 3763 880 3807 et
895 3755 1024 3807 Phaedria
1043 3755 1215 3807 colluctatior

151 3850 208 3895 turn
224 3842 370 3894 adhortatio
388 3840 465 3893 Getae
487 3842 521 3892 de
540 3838 693 3890 insaniendo
711 3844 819 3903 argento
838 3836 872 3889 ad
891 3836 1065 3889 redimendam
1084 3836 1212 3888 Phadriar

150 3922 353 3991 citharistriaua.
386 3924 511 3977 Quartum
529 3926 615 3971 actum
627 3919 679 3970 isra
696 3919 896 3971 concelebrant:
920 3918 1048 3969 adrentus
1059 3916 1214 3981 chomatis,

151 4002 320 4069 ejusdemque
340 4017 398 4054 curn
418 4002 500 4054 fratrs
517 4000 671 4052 deliberatio
688 4015 737 4069 per
757 4014 872 4051 errorem
891 3999 923 4048 dc
942 3998 1069 4062 ejicienda
1090 3997 1211 4049 Phanio:

151 4084 230 4135 Geta
247 4082 329 4133 verba
347 4082 380 4133 de
395 4081 516 4134 fallendis
533 4082 650 4133 senibus:
673 4080 830 4143 Antiphonis
846 4079 930 4129 oratio
946 4078 1014 4143 apud
1031 4084 1115 4128 semet
1129 4078 1212 4142 ipsum

151 4166 185 4217 da
202 4178 290 4215 amore
306 4164 462 4215 tractantis:
490 4164 566 4216 Geta
588 4176 674 4211 rorans
694 4176 753 4213 enm
772 4158 876 4212 senibus
894 4158 996 4221 callida,
1021 4164 1049 4209 et
1073 4170 1134 4209 mox
1152 4174 1211 4210 cnm

153 4246 306 4310 Antiphone
317 4244 349 4297 de
360 4245 451 4297 eadem
466 4256 543 4302 muas
557 4244 665 4311 simplex
682 4220 841 4309 disputaliot
855 4254 947 4295 esuum
957 4241 1025 4292 inter
1043 4253 1072 4292 aa
1090 4240 1214 4306 colloqui·

188 4327 309 4392 neptes
324 4328 380 4380 i'nr.
390 4327 454 4380 Gies.
623 4325 717 4377 reresr.
1083 4325 1099 4370 Ι
1117 4320 1146 4370 it
