2984 4900
201 382 267 448 540
483 397 639 449 rsuunsr
663 397 1013 449 ruruuuocuronus.

201 537 470 594 Exnosrrro'l'runnr.
502 538 572 590 Acts
593 539 678 591 estid
696 547 738 592 est
758 541 868 592 recitata
878 546 919 591 est
926 539 997 590 ludis
1007 539 1204 605 Megalensibus
1215 539 1299 594 Lucio

235 621 356 674 Cornelio
368 621 478 671 Lentulo
489 621 572 672 Lucio
584 621 688 672 Valerio
699 621 817 672 edilibus
833 621 975 672 curulibus.
1007 620 1109 684 Egere:
1127 620 1246 671 feceruut
1257 623 1300 672 rel

235 700 481 752 administraverunt
492 701 538 752 hos
548 701 623 752 ludus
634 702 800 766 Meguleuses
811 703 838 753 in
849 702 955 753 Graecia
966 703 1068 766 quando
1079 703 1130 752 istu
1141 700 1231 762 fabula
1242 703 1301 752 Me·

235 781 329 836 naudri
341 780 650 834 Heautontimorumenos
661 783 774 833 recitate
785 791 826 833 eat
845 785 941 834 Lucius
953 782 1086 832 Ambivius
1095 784 1194 846 Turpio
1205 784 1300 833 Lucina

235 861 540 914 Attiliusl‘raenestiuns.
564 863 660 914 Graecu
671 864 809 914 Menandri
821 867 913 928 prima.
938 864 980 914 lta
988 873 1029 914 est
1036 865 1208 928 iungendum.
1230 865 1302 915 Acta

235 943 384 994 satorum
403 941 491 994 faunis
504 943 644 993 Menandri
662 943 746 1008 prims
757 944 826 1008 spnd
842 945 973 1008 Megalem
992 945 1125 994 civitatem
1143 944 1200 994 istis
1222 959 1301 1008 snprs

237 1023 315 1075 dictis
338 1021 451 1074 officium
469 1023 620 1089 gerentibus
638 1037 718 1088 super
737 1024 809 1074 sedes
826 1025 937 1075 currules
954 1025 1054 1079 Romae.
1092 1025 1161 1075 Acta
1178 1027 1300 1076 aecrsnds.

235 1104 330 1155 Modus
349 1102 412 1155 lecit
426 1105 536 1155 Flaccus
551 1104 712 1154 etsudirtniis
731 1104 832 1155 duabus
850 1104 950 1154 dextris
962 1106 1053 1155 Marco
1064 1106 1144 1156 Junlo
1153 1105 1217 1156 Tito
1227 1107 1300 1156 Sern-

236 1186 331 1252 pronio
342 1185 510 1236 Consulatum
522 1184 671 1248 gerentibus
684 1186 781 1246 Romu.
807 1187 918 1235 Flaccus
927 1200 989 1236 vero
999 1186 1142 1235 modulavit
1152 1201 1219 1236 eam.
1245 1186 1301 1252 Ap·

235 1267 351 1336 pellatur
361 1273 447 1316 antem
458 1267 514 1316 buc
525 1265 612 1316 fabula
624 1265 933 1317 Heautontimorumenos
945 1266 1013 1334 quod
1023 1267 1116 1316 Latine
1127 1275 1202 1316 acuar
1216 1281 1244 1316 se
1262 1268 1301 1331 ip·

236 1362 291 1401 sum
302 1347 454 1398 excrucians
465 1346 520 1396 sive
530 1346 635 1398 insnum
646 1348 727 1412 ipsam
738 1349 957 1402 excrucistiuuem
968 1363 1129 1413 permaneus.
1154 1349 1302 1400 Introducit

239 1428 307 1478 enim
318 1429 345 1477 in
355 1429 403 1478 hac
413 1427 503 1478 subula
514 1426 643 1492 quendam
655 1442 742 1488 senens
752 1429 853 1478 nomine
874 1429 1056 1479 Menedemum
1073 1430 1116 1496 qni
1132 1430 1210 1478 nimio
1221 1444 1302 1494 opere

237 1523 269 1560 ac
280 1508 368 1558 labore
378 1515 460 1558 semet
471 1508 555 1572 ipsum
567 1508 728 1558 excruciavit
739 1523 795 1572 pras
807 1509 898 1559 dolore
909 1524 940 1559 eo
951 1509 1020 1575 quud
1032 1509 1112 1560 lilium
1124 1525 1197 1560 snum
1213 1525 1303 1560 aerera

236 1588 415 1654 increpatione
426 1604 479 1640 nse
489 1588 606 1654 fugasset
616 1589 676 1639 duur
689 1598 813 1656 pergeret
821 1587 972 1657 frequenter
982 1589 1016 1640 ml
1026 1597 1149 1642 scortum.
1181 1590 1302 1643 Venditis

237 1671 306 1720 enim
318 1685 393 1736 pune
403 1667 529 1734 omuibus,
541 1685 600 1736 quus
611 1669 735 1733 ilabebat,
746 1673 851 1736 accepit
863 1679 973 1722 restrum
985 1673 1118 1737 coepitque
1128 1687 1216 1736 ugrum
1224 1687 1302 1724 eaeo·

238 1749 293 1801 lere
304 1751 382 1801 nimia
393 1749 539 1801 iustuutia.1
559 1751 642 1802 Quem
659 1751 720 1802 dnm
740 1753 806 1802 silus
825 1768 904 1803 senex
915 1754 1018 1803 numine
1029 1753 1151 1802 Chremes
1162 1753 1303 1818 interroge-

239 1831 278 1881 rit
289 1832 352 1899 quid
363 1833 412 1882 laec
423 1841 494 1882 esset
504 1831 573 1898 quod
585 1846 613 1881 se
625 1832 669 1882 die
679 1841 809 1900 nocteque
826 1833 864 1883 ira
875 1835 1004 1885 cruciaret
1016 1833 1198 1898 enarrauitque
1213 1835 1238 1884 ei
1248 1849 1302 1883 our·

238 1927 300 1968 nem
311 1911 427 1962 ordinem
443 1913 483 1962 rei
502 1925 611 1978 cumque
630 1913 779 1963 hortaretur
789 1927 848 1964 eum
861 1912 992 1978 paululum
1003 1914 1179 1978 requiescere,
1190 1915 1302 1964 obtineri

239 1993 395 2060 nonpotuit.
427 1992 544 2043 Dicebat
553 1993 636 2044 enims
654 1993 749 2046 sinent
761 1994 925 2046 sumatfilins
942 2009 1016 2046 ruens
1031 1993 1065 2044 da
1081 2008 1123 2043 use
1138 2009 1234 2057 peenas.
1266 1995 1303 2046 et

203 2115 209 2120 .
239 2089 301 2128 vero
313 2075 339 2124 iu
350 2073 467 2138 proximo
479 2073 618 2138 requievit,
632 2077 752 2141 quonism
762 2075 830 2129 filins
848 2076 906 2140 ejus
922 2089 1041 2126 reuersus
1058 2083 1105 2124 est.
1138 2074 1303 2140 Ceteraun

243 2157 301 2222 ipse
311 2155 395 2206 Polite
405 2155 469 2204 miro
482 2154 559 2205 modo
571 2155 675 2220 dilatet,
689 2158 826 2222 sequentia
841 2155 1054 2206 manifestabunt.
1085 2153 1162 2203 Hauc
1172 2162 1257 2204 antem
1270 2155 1306 2204 la·

240 2239 328 2290 bulum
338 2237 405 2286 sicut
413 2242 441 2286 et
451 2245 555 2286 ceterus
567 2237 714 2288 Menander
723 2239 796 2302 prius
804 2239 900 2290 Groeco
909 2249 1028 2287 sermons
1041 2233 1197 2299 composuit.
1230 2235 1304 2287 Post·

241 2335 274 2370 es
291 2333 404 2382 presens
423 2318 538 2368 comicus
558 2317 657 2369 Latinis
668 2333 760 2370 noram
772 2319 887 2370 reddidit
897 2330 1020 2384 moreque
1031 2329 1078 2365 suu
1089 2314 1115 2366 in
1126 2314 1239 2379 prologis
1252 2329 1309 2367 usa·

241 2399 346 2453 tentetis
358 2399 508 2452 emulorum
521 2399 667 2467 respondit.

624 2608 886 2621 --—-———

418 2778 624 2848 FABULAE
647 2774 1096 2845 INTERLOCUTORES.

211 2930 409 3013 CHREMES,
428 2954 527 3013 tener,
553 2930 740 3017 Clitinhouis
758 2941 862 3016 pater.
908 2928 941 2993 A
957 2924 1168 3016 χρίμπτεσθαι,
1180 2944 1309 3003 sereure,

219 3060 222 3069 ¹
297 3035 473 3121 quod‘seues
487 3056 604 3099 screare
620 3032 747 3097 soleant.

212 3135 413 3219 Gntrtrrro,
433 3136 613 3215 adolescens,
640 3134 811 3199 Chremetis
820 3131 925 3219 fih'us.
969 3132 1002 3197 A
1027 3130 1149 3211 κλειτὸς,
1164 3129 1310 3218 inclytus,

296 3248 327 3305 et
342 3245 409 3325 φῶς,
424 3237 499 3303 lus:
520 3262 551 3325 q.
565 3237 596 3302 d.
610 3236 761 3325 inclytum
776 3234 888 3301 lumen.

213 3338 473 3421 sensissemus
491 3337 671 3411 Chremetis.
716 3337 750 3402 A
762 3337 875 3426 patric
892 3335 989 3423 Syrio
1004 3334 1114 3400 dietus.

213 3440 475 3523 hinnituum,
499 3460 599 3519 aeneo,
625 3440 735 3508 Cliniae
744 3452 852 3528 puter.
894 3442 927 3505 A
941 3434 1033 3521 nime,
1047 3434 1157 3516 rohur,
1171 3448 1202 3500 et
1214 3436 1310 3517 δῆμος,

220 3566 223 3575 ·
294 3540 451 3631 populus:
472 3565 504 3635 q.
519 3542 550 3607 d.
566 3541 818 3630 resumpsit:
1125 3564 1129 3571 ·

214 3645 367 3726 Cululis,
382 3642 563 3726 adulescens,
580 3644 758 3711 Menedemi
764 3643 869 3731 filius.
914 3644 949 3711 A
963 3642 1062 3722 euleu,
1082 3638 1208 3707 inclino.
1257 3638 1315 3705 Vel

298 3770 320 3814 c
334 3746 426 3828 κλίνη,
443 3746 537 3813 hctus
551 3747 726 3834 nuptialisr
747 3769 821 3811 num
837 3745 1037 3832 Antiphilam
1050 3766 1175 3809 risorem
1189 3743 1290 3809 duxit.

216 3850 370 3931 Dltoato,
384 3871 487 3921 servus
504 3846 690 3915 Menedemi.
735 3848 768 3912 A
784 3846 891 3934 δρόμος,
905 3868 1021 3911 cursus.

215 3946 426 4033 Sost'lesuu,
450 3950 618 4017 Chremetis
645 3972 734 4017 uror.
779 3948 810 4015 A
833 3947 928 4031 σώζω,
950 3970 1048 4029 servo,
1069 3957 1106 4012 ut
1127 3968 1195 4035 qius
1203 3944 1314 4031 filium

301 4052 540 4140 crpuuijussum
553 4052 753 4117 cunservavit.

217 4156 398 4235 Bruuius,
422 4155 522 4221 amieo
547 4152 745 4241 Clitiphonis.
791 4154 823 4221 A
846 4153 972 4240 βάκχος,
988 4161 1115 4237 propter
1136 4148 1315 4217 ebrietatem

301 4254 354 4322 cel
366 4257 530 4323 insanium.
